4567 6425
463 733 517 785 861

500 863 667 932 Fragmenta
688 858 739 913 tria
755 878 845 934 eaque
864 857 947 916 valde
964 858 1088 916 obseura
1105 868 1217 915 servata

459 956 535 1000 suad.
551 944 674 1001 Prinunu
688 957 732 1001 est
744 946 820 1023 apud
835 947 939 1004 Athen.
954 952 1034 1022 xlv,
1050 968 1078 1025 p.
1094 948 1160 1014 646,
1172 950 1217 1003 D:

461 1030 597 1110 Σοφοκλῆς
609 1028 708 1111 Ἔριδι·

460 1164 543 1249 [6551
559 1150 632 1257 Ἐγὼ
651 1158 685 1232 δὲ
699 1172 817 1232 πιινιῖνσ’
834 1166 871 1235 αὖ
887 1170 958 1260 πρὸς
975 1167 1058 1261 ἴτρια
1075 1172 1189 1254 βλέπω.

460 1293 557 1349 Fuerit
573 1296 724 1371 responsio
738 1297 866 1367 Veneris,
884 1318 949 1373 quae
966 1298 1103 1355 hliuervae
1123 1310 1218 1353 conte·

460 1384 531 1436 rnnit
545 1383 724 1458 sapientiam.
738 1384 857 1461 Reliqua
872 1387 957 1442 etiam
972 1386 1124 1443 incertiora
1144 1398 1217 1443 stant.

460 1469 632 1543 Hesychius:
640 1469 739 1548 [654[τ
749 1461 842 1551 εύυιρος
852 1470 944 1550 γάμος,
951 1500 963 1522 ν
977 1475 1113 1553 Σοφοκλῆς
1121 1471 1218 1553 Ἔριδι.

461 1553 538 1615 Ἤτοι
553 1555 630 1635 ὥριος
640 1555 657 1627 ῆ
669 1557 800 1637 ὀλίγωρος·
812 1558 881 1618 οὕτω
893 1558 943 1639 γίιρ
957 1559 1063 1636 λέγουσι
1071 1559 1138 1619 κατδι
1149 1560 1219 1618 ἀντί-

460 1666 564 1723 φρασιν,
573 1648 633 1711 ὡςδ
645 1645 720 1710 αὐτὸς
732 1648 758 1704 ἐν
770 1647 894 1724 Σκυρίοις
904 1652 1003 1727 χρῆται
1010 1652 1048 1726 τῷ
1060 1648 1217 1727 εὐωριοίζιιν.

459 1732 605 1795 Antiattic‚
622 1752 649 1808 p.
663 1735 727 1803 108,
742 1757 760 1809 9
772 1757 779 1791 :
790 1734 871 1813 [655]
884 1761 897 1786 τ
908 1734 979 1793 Μίαν
993 1733 1067 1811 μίαν,
1078 1761 1091 1784 ν
1104 1734 1162 1791 ἀντὶ
1174 1741 1219 1793 τοῦ

458 1817 526 1875 κατδ
541 1818 612 1895 μίαν.
626 1822 691 1900 Σοφ.
707 1815 807 1903 Ἔριδι.

729 1955 948 2016 lCHNEUTAE.

498 2090 627 2170 Ἰχνιυταὶ
637 2093 698 2151 sive
707 2095 929 2171 Investigatures
941 2095 1036 2153 labrda
1049 2109 1092 2154 est
1103 2117 1168 2174 quae
1178 2096 1219 2154 di·

458 2193 533 2237 serte
545 2180 621 2237 inter
632 2193 745 2255 satycos
762 2182 885 2240 refertur
905 2202 922 2240 a
940 2184 1059 2241 Polluce
1069 2190 1109 2256 X,
1126 2188 1176 2251 34,
1191 2196 1219 2241 et

457 2268 534 2343 quod
547 2268 668 2326 Photins
682 2289 709 2345 p.
729 2269 787 2346 489
797 2273 943 2329 memorias
959 2272 1096 2349 prodidit,
1110 2273 1219 2349 perspi·

457 2376 510 2412 oue
524 2356 607 2414 docet
620 2357 703 2413 talem
717 2358 898 2415 saltationem
910 2359 940 2415 in
955 2358 1050 2417 labula
1059 2359 1217 2419 exhibitam

458 2463 601 2520 essequa
615 2444 722 2501 nemini
735 2447 788 2504 nisi
800 2444 909 2522 Satyris
923 2448 1124 2507 conveniebat.

496 2535 540 2588 De
563 2544 731 2607 argtrmento
754 2534 825 2591 nihil
840 2535 910 2592 certi
937 2536 993 2593 dici
1018 2548 1122 2615 potest.
1145 2542 1218 2597 Sunt

354 2697 360 2706 Ι
459 2619 509 2694 qni
530 2621 753 2691 Investigatores
774 2622 809 2679 ad
829 2627 953 2699 Errropae
971 2623 1008 2681 ab
1032 2630 1104 2682 Jove
1127 2636 1217 2701 raptae

458 2707 605 2765 historiam
616 2710 773 2767 relerentes
787 2712 903 2769 eosdem
919 2717 1036 2788 Satyros
1050 2711 1137 2770 luisse
1151 2733 1216 2770 cre-

457 2794 538 2867 dant,
553 2796 602 2871 qui
618 2800 704 2855 Cares
717 2796 757 2855 ab
767 2799 904 2876 AEschylo
918 2814 1067 2872 vocentur,
1079 2822 1112 2858 ac
1124 2802 1216 2859 simu-

458 2883 529 2940 lasse
549 2884 614 2940 illos
637 2904 667 2940 se
689 2889 775 2943 Cares
798 2887 841 2942 rel
865 2888 961 2964 potins
982 2888 1141 2958 Phoenices,
1167 2890 1217 2966 qui

458 2975 582 3047 Europae
607 2972 713 3029 alicubi
738 2988 896 3051 conspectae
922 2976 1059 3034 auxilium
1084 2977 1217 3035 simulate

458 3060 594 3135 cupidine
620 3061 729 3119 indocti
757 3066 949 3141 promiserint.
972 3066 1012 3125 At
1029 3072 1115 3125 Cares
1137 3066 1215 3143 apud

458 3147 619 3220 AEschylnm
643 3161 720 3206 certe
741 3170 797 3207 nou
820 3152 937 3210 luerunt
958 3173 1011 3230 pro
1026 3153 1216 3226 Phoenicibus,

458 3254 510 3291 nec
523 3234 658 3292 videntur
671 3238 712 3294 illi
727 3238 842 3296 diverso
856 3240 944 3297 nrodo
954 3239 1112 3298 introducti
1129 3262 1215 3318 qnam

458 3324 571 3397 Scythae
595 3324 672 3402 apud
696 3326 871 3402 Sophoclem
898 3328 927 3385 in
949 3327 1070 3385 historia
1097 3328 1213 3386 Medeae.

415 3425 420 3436 ‘
457 3418 556 3489 Neque
576 3434 645 3471 vero
667 3415 850 3492 intelligitur,
864 3418 887 3473 si
903 3417 974 3474 illud
996 3417 1075 3494 quod
1098 3418 1157 3476 dixi
1173 3421 1216 3476 la-

458 3501 534 3558 bulae
549 3502 637 3558 luerit
649 3516 859 3577 argumentum,
872 3505 1019 3580 quomodo
1037 3506 1134 3581 Satyri
1151 3504 1216 3581 jure

458 3589 678 3665 luvestigatores
699 3589 839 3647 dicantur.
858 3595 978 3650 Secutos
999 3612 1049 3650 eos
1071 3592 1152 3668 ajunt
1167 3614 1217 3650 cn-

457 3677 555 3753 pidine
577 3675 716 3754 abreptos
731 3683 882 3755 ,Errropam
904 3691 1074 3757 turpemque
1088 3701 1216 3738 amorem

455 3763 628 3840 expressisse
638 3765 779 3822 saltando.
791 3770 829 3822 At
840 3765 877 3824 ab
888 3787 945 3823 nno
959 3768 1035 3825 lacto
1046 3781 1102 3825 tam
1111 3771 1216 3845 exiguo

457 3863 572 3927 tamque
589 3851 721 3910 celeriter
744 3865 908 3911 transeunte
926 3867 984 3914 tota
1008 3855 1102 3913 labula
1118 3858 1216 3916 vocari

359 3956 361 3959 ·
456 3959 514 3995 non
527 3939 637 4016 potuit,
647 3961 850 4017 nequenomen
859 3944 928 4001 satis
939 3958 1017 4001 recte
1026 3944 1216 4003 conveniebat

456 4026 592 4098 dramati,
619 4027 674 4082 nisi
691 4022 755 4105 'per
775 4041 863 4087 totam
889 4030 1013 4088 lalmlam
1040 4032 1083 4090 illi
1107 4033 1214 4110 aliquid

459 4113 670 4191 investigarent.
695 4123 729 4171 At
755 4115 835 4174 deest
861 4133 1075 4197 argornentnm,
1100 4122 1128 4177 in
1157 4143 1215 4202 ιμιο

456 4201 525 4258 illud
544 4221 711 4280 cupressum
727 4204 773 4275 sit,
788 4206 841 4262 nisi
858 4218 886 4262 te
905 4207 939 4263 ad
956 4207 1107 4287 Polyidum
1121 4227 1214 4272 vatem

455 4291 569 4349 reseras.
587 4298 620 4350 ln
641 4313 697 4370 qna
717 4294 856 4372 tragoedia
872 4309 904 4354 ut
918 4312 1006 4368 vates,
1019 4301 1123 4377 quibus
1138 4304 1215 4379 quod

454 4381 547 4439 Minos
573 4384 731 4459 postulavit
755 4386 964 4460 explorandum
992 4391 1065 4461 luit,
1092 4389 1214 4450 adhibiti

454 4478 533 4536 sunt,
552 4468 592 4526 ita
606 4468 830 4547 investigatores
852 4495 910 4532 non
932 4476 1026 4534 minus
1041 4491 1108 4554 apte
1126 4480 1153 4535 iu
1171 4481 1214 4536 lu-

453 4553 520 4610 lmla
534 4557 657 4631 satyrica
668 4559 798 4618 exbiberi
814 4574 979 4638 potnerunt,
996 4565 1045 4640 qrd
1060 4579 1108 4621 aut
1123 4567 1212 4625 lilium

453 4661 468 4697 a
492 4643 588 4700 Minoe
606 4646 740 4704 amissum
758 4661 808 4705 ant
827 4648 949 4706 linctum
964 4651 1001 4708 ab
1017 4654 1134 4711 oraculo
1150 4655 1213 4712 edi-

455 4741 514 4785 tum
531 4730 744 4808 investigarent.
760 4737 881 4793 Facetias
899 4738 1018 4796 fortasse
1029 4761 1063 4798 ex
1079 4743 1213 4820 eo,qnod

454 4816 530 4875 inter
546 4819 704 4897 fragmenta
719 4822 839 4881 relatum
860 4838 914 4896 est,
929 4839 1020 4903 cuptae
1037 4843 1113 4900 sunt,
1133 4833 1211 4908 quod

453 4922 541 4978 quum
556 4907 680 4964 lroctnm
690 4909 770 4966 illum
784 4913 943 4971 mirabilem
958 4917 1031 4973 mori
1039 4931 1211 4993 qrmeerent,

454 4990 645 5063 inhrassicam
661 4997 827 5058 inciderunt
838 5002 1002 5080 gaudioque
1017 5005 1212 5081 repertaeher-

456 5076 499 5134 bae
510 5083 626 5140 excitati
637 5085 817 5145 saltationem
831 5090 908 5148 illam
919 5091 1107 5169 incipiebant,
1118 5113 1182 5170 quae
1195 5113 1211 5151 a

455 5167 556 5227 Photio
569 5185 599 5228 et
613 5175 700 5233 Suida
711 5191 893 5236 memorator.

1006 728 1214 790 SOPHOCLlS
1235 728 1483 793 FRAGMENTA.

1311 864 1443 921 Ceterum
1459 864 1617 941 fragmenta
1629 868 1712 925 valde
1733 866 1855 927 obscura
1873 885 1943 931 som.
1956 874 2004 928 Pd-

1272 947 1321 1003 lux
1335 954 1374 1016 X,
1396 954 1430 1019 34
1445 974 1451 1007 :
1467 952 1542 1031 Μέρη
1558 952 1585 1011 δὲ
1599 953 1688 1026 κλίνης
1700 956 1744 1013 καί
1762 956 1883 1026 ἐνήλατα.
1897 960 2008 1037 &petiit

1272 1039 1298 1093 lv
1312 1036 1453 1115 Ἰχνευταῖς
1470 1040 1592 1119 σατύροις
1602 1040 1651 1121 ἔφη

1271 1178 1353 1257 [656]
1373 1164 1518 1249 hauhata
1535 1173 1609 1255 Ευλα
1626 1178 1780 1271 τρίγυρφα
1794 1174 2009 1273 διατυρεῡσαίσι

1919 1286 2008 1359 δεῖται

1271 1401 1391 1459 «Verba
1405 1417 1558 1482 corrupta,
1579 1405 1616 1463 de
1639 1400 1745 1483 quibus
1759 1419 1826 1485 post
1839 1406 1910 1464 alios
1926 1406 2007 1482 conje-

1272 1504 1368 1549 cturas
1382 1494 1501 1570 protulit
1514 1493 1719 1553 Lobechiusad
1736 1496 1890 1571 Phrynich.
1902 1516 1928 1572 p.
1945 1498 2008 1565 178.-

1272 1580 1398 1651 Dindorf.
1418 1580 1521 1639 Athen.
1537 1587 1579 1651 ll,
1597 1603 1624 1659 p.
1643 1584 1697 1656 62,
1709 1588 1750 1641 F:
1767 1582 1879 1642 Ἀττικαὶ
1893 1584 1914 1640 δ’
1926 1586 1980 1639 εἰσὶν
1991 1584 2008 1639 ni

1272 1668 1389 1745 λέγοντες
1403 1667 1512 1747 ὄρμενον
1536 1671 1579 1729 τὸν
1594 1670 1646 1729 tub
1661 1675 1708 1741 τῆς
1724 1671 1846 1749 καύμ6ης
1863 1670 2007 1741 ἐξηνθτμότι

1274 1759 1411 1838 Σοφοκλῆς
1429 1758 1585 1839 Ἰχνευταῖς·

1325 1894 1406 1978 [657]
1430 1888 1644 1987 Κοίξυρμενίῖει
1660 1899 1735 1962 κούκ
1749 1888 1968 1985 §nequiebat

1390 2032 1393 2041 ·
1432 2006 1564 2093 βλοίστη.

1273 2139 1353 2217 Παρὰ
1369 2138 1399 2197 τὸ
1413 2138 1536 2219 ἐξορούειν
1552 2140 1597 2199 καί
1616 2138 1780 2219 βλαστάνειν.
1799 2136 1893 2213 (Conl.
1907 2140 1974 2195 Enst
1986 2152 2008 2209 p.

1273 2228 1340 2301 899,
1358 2226 1411 2305 ις.)
1427 2228 1578 2287 Postremo
1591 2230 1667 2305 apud
1684 2226 1819 2285 Photium
1834 2238 1875 2281 est
1891 2244 1916 2299 p.
1929 2228 1984 2295 469,
1997 2242 2005 2275 ι

1272 2328 1300 2371 et
1315 2315 1431 2373 Suidam
1444 2338 1451 2372 :
1470 2315 1552 2393 [658]
1565 2342 1577 2366 τ
1589 2318 1740 2396 ρικνοῦσδαι
1752 2340 1764 2363 ι
1778 2312 1807 2371 τὸ
1826 2312 1961 2369 trauan
1973 2306 2007 2365 καὶ

1271 2404 1443 2467 παντοδαπῶς
1455 2400 1654 2484 διαστρέφεσθαι
1668 2400 1726 2459 κατ’
1739 2394 1818 2464 εἶδος·
1830 2396 1929 2475 λέγεται
1941 2394 1963 2453 δὲ
1973 2392 2008 2451 ui

1272 2493 1442 2569 τριγνοῦσθαι
1454 2516 1465 2541 ν
1477 2490 1508 2549 τδ
1518 2489 1657 2567 καμπύλον
1669 2488 1803 2566 γίγνεσθαι
1815 2485 1960 2565 ἀφρόνως
1973 2482 2009 2538 1ῑῖ

1270 2574 1338 2635 κατδι
1359 2577 1495 2636 συνουσίαν
1513 2578 1559 2636 καί
1575 2577 1685 2659 ὄρχησιν
1699 2576 1855 2652 κύματουτα
1876 2572 1919 2645 γῆν
1934 2574 2010 2651 dapis.

1272 2666 1335 2745 Σοφ.
1351 2665 1499 2745 Ἰχνευταῖς.

1560 2814 1729 2834 ψ

1520 2911 1779 2971 attentamus

1311 3066 1456 3137 Perpauea
1481 3074 1547 3117 sunt
1570 3080 1633 3137 quae
1668 3060 1704 3116 de
1730 3059 1902 3137 Amphiarao
1931 3056 2009 3113 hbnla

1271 3148 1329 3206 dici
1345 3161 1474 3228 possunt,
1490 3150 1657 3226 incertaque
1671 3148 1768 3205 omnia
1780 3167 1846 3224 quae
1855 3146 2011 3203 divinatione

1270 3241 1437 3316 assequaris.
1451 3240 1535 3318 Apud
1551 3240 1733 3298 scholiastam
1750 3239 1944 3314 Aristophanis
1958 3257 2008 3294 rer·

1270 3348 1317 3386 sus
1332 3341 1387 3397 est,
1398 3327 1446 3386 nbi
1464 3330 1561 3384 adorus
1576 3335 1642 3386 entis
1657 3339 1907 3394 commemoratur,
1919 3345 1951 3382 ex
1963 3345 2009 3398 ιμιο

1270 3416 1426 3474 concludas
1439 3417 1641 3493 Anqdriaraum
1661 3428 1755 3472 vatem
1769 3433 1833 3472 esse
1848 3435 1864 3470 a
1880 3427 1955 3491 poeta
1970 3415 2008 3470 in·

1270 3503 1432 3562 troductum
1454 3506 1537 3582 eique
1553 3511 1670 3580 Satyros
1690 3503 1804 3562 additos
1822 3517 1947 3580 tanquam
1964 3503 2009 3557 mi-

1270 3592 1382 3649 nistros.
1400 3593 1557 3668 satyricam
1577 3603 1671 3648 runem
1694 3591 1780 3648 luisse
1801 3590 1920 3648 fabulam
1939 3591 2008 3646 drret

1269 3679 1394 3737 Platonis
1408 3679 1496 3737 schol.
1515 3699 1545 3756 p.
1562 3679 1616 3749 378
1632 3679 1683 3736 uk.
1699 3690 1727 3734 et
1743 3677 1844 3735 Athen.
1860 3683 1898 3744 X.
1912 3697 1936 3754 p.
1948 3679 2007 3742 454.

1269 3769 1305 3838 F,
1321 3778 1349 3824 et
1372 3767 1464 3824 schol.
1483 3765 1632 3843 Aristoph.
1654 3765 1689 3822 ad
1709 3771 1779 3824 Rau.
1804 3767 1869 3834 lssl·
1887 3771 2007 3824 Praeterea

1269 3853 1330 3910 aliae
1359 3867 1556 3912 memorantur
1585 3873 1631 3911 res
1655 3873 1720 3930 quae
1749 3855 1900 3930 perspicue
1920 3854 2008 3910 docent

1268 3942 1363 4000 onmia
1383 3943 1443 4001 ruri
1464 3955 1608 4001 transacta
1623 3960 1695 4000 esse.
1716 3941 1894 4002 Crediderim
1908 3962 1922 4000 a
1936 3957 2007 4020 poeta

1268 4029 1474 4112 Amphiaraum
1486 4035 1570 4092 talem
1583 4054 1645 4091 esse
1657 4033 1867 4104 introductum,
1878 4033 2008 4110 quiquam

1268 4134 1345 4179 vates
1370 4124 1466 4180 lntnra
1494 4120 1683 4200 praevideret,
1709 4133 1806 4178 tamen
1830 4121 2007 4198 obsequiolo

1268 4230 1390 4269 uxorem
1404 4211 1538 4270 inductus
1558 4213 1676 4268 meliora
1703 4210 1870 4288 negligeret,
1887 4209 2008 4266 detentu-a

1268 4300 1504 4376 sequeretur,qui
1519 4297 1627 4356 bellom
1642 4299 1800 4375 proferret.
1810 4315 1973 4374 «quamquam
1984 4315 2007 4348 se
2067 4325 2072 4336 ·

1269 4388 1297 4445 in
1319 4388 1369 4445 illo
1384 4388 1509 4465 pessima
1528 4388 1697 4445 conditione
1713 4387 1841 4444 sutanum
1866 4407 1919 4444 uon
1939 4385 2006 4460 igno

1267 4489 1351 4533 raret.
1366 4481 1496 4534 Personae
1509 4479 1625 4534 luerunt
1638 4477 1757 4533 sortasse
1771 4495 1836 4532 cum
1855 4473 2007 4548 Amphiarao

1266 4564 1424 4638 Polynices,
1438 4564 1585 4640 Eriphyla,
1601 4563 1757 4620 Alcmaeon.
1775 4567 1874 4640 Neque
1895 4559 2006 4618 dubitur

1267 4664 1363 4728 potest
1383 4653 1452 4730 quin
1474 4651 1562 4708 multa
1582 4651 1659 4708 dieta
1678 4651 1736 4707 sint
1751 4649 1787 4706 de
1802 4649 1891 4720 hello,
1907 4647 1940 4702 de
1958 4665 2007 4720 quo

1266 4743 1456 4819 Amphiaraus
1480 4744 1599 4800 sortasse
1623 4742 1772 4800 oraculum
1794 4739 1824 4797 iu
1847 4739 1904 4816 ipsa
1925 4733 2007 4792 bbnla

1265 4830 1415 4888 consuluit.

1305 4906 1476 4994 Fragmenta
1489 4918 1598 4995 partim
1616 4921 1752 4995 c'nrsrrptn
1776 4916 1878 4996 partim
1898 4913 2008 4970 οίιιυιιιι

1265 5020 1343 5068 sont.
1371 5005 1417 5066 Ad
1448 5005 1616 5081 Amphiarai
1643 5006 1698 5061 vim
1727 5004 1875 5062 divinandi
1898 5001 2006 5058 reseram

1265 5093 1341 5171 apud
1356 5094 1524 5152 Erotianom
1538 5113 1566 5170 p.
1579 5113 1635 5150 ato
1649 5115 1655 5148 :
1670 5092 1753 5170 [659]
1767 5119 1778 5142 τ
1790 5094 1919 5170 ψρονιῑνι
1930 5085 2006 5182 daur

1264 5184 1288 5240 ol
1304 5181 1411 5240 παλαιαί
1423 5181 1454 5238 rh
1464 5191 1571 5240 vestu...
1590 5179 1732 5254 Μέμνηται
1748 5180 1794 5238 καὶ
1809 5179 1972 5258 Emoniia...
1985 5191 2006 5227 ί*

452 5281 2002 5312 --—-—-—--—...-—...-..-...-.---—---

798 5374 860 5424 653.

506 5489 563 5558 Ego
575 5504 637 5546 vero
650 5498 771 5552 esuriens
785 5497 821 5554 ad
833 5498 970 5570 placentas
984 5502 1107 5573 respicio.

1302 5424 1458 5482 Cauliculos
1471 5425 1573 5482 emittit
1585 5351 1674 5496 acidia
1684 5423 1713 5480 in
1726 5393 1865 5494 superlicie
1879 5425 1990 5474 munau

1300 5521 1418 5576 gernron.
