4567 6425
934 575 1147 635 exaratio.
1654 599 1694 640 nr

383 722 483 784 tatas
503 731 641 782 eorum
657 703 867 810 scripturas
892 703 1075 782 viderem.
1094 705 1232 811 ltaque
1249 733 1363 782 nemo
1385 706 1528 814 mirum
1543 727 1693 784 censeat

380 843 494 952 quod
527 845 648 922 multa
682 845 823 920 intacta
861 844 1025 949 reliqui,
1059 872 1147 950 quae
1180 843 1485 922 divinationibus
1517 846 1693 924 virorum

380 977 591 1054 doctorum
613 993 787 1053 correcta
804 994 938 1054 essent.
959 977 1052 1052 Haec
1069 976 1300 1082 plerumque
1319 976 1432 1053 nimis
1451 975 1572 1055 dubia
1589 977 1696 1056 vide-

381 1107 541 1185 bantur.
556 1108 615 1184 Ita
631 1105 741 1213 quod
758 1103 908 1183 mireris
925 1134 973 1184 ne
987 1108 1203 1183 Hermanni
1224 1106 1384 1214 quidem
1401 1125 1541 1212 aperta
1562 1127 1695 1214 opertu

379 1240 519 1334 ascivi,
543 1239 636 1344 quia
666 1265 746 1314 non
764 1238 846 1314 sine
871 1236 1048 1341 periculo
1066 1235 1107 1314 id
1134 1266 1195 1314 me
1222 1237 1618 1340 lactnrumvidebam.
1640 1241 1702 1336 lta

379 1371 629 1450 Hermannus
647 1369 688 1444 in
709 1370 831 1445 Persis
850 1397 885 1444 v.
910 1396 1029 1463 1000,

737 1537 854 1616 Ἔταφον
869 1536 977 1617 ἔταφον·
990 1539 1035 1595 οὐκ
1047 1536 1113 1617 ἀμφὶ
1126 1545 1231 1607 σκηναῖς

739 1642 947 1722 τροχηλάτοισιν,
958 1641 1061 1700 ὄπισθεν
1075 1642 1208 1720 ἑπόμενοι,

382 1790 505 1867 latine
523 1790 639 1866 vertit
666 1818 675 1864 τ
696 1790 838 1880 miror,
870 1791 990 1865 miror
1001 1820 1018 1882 ,·
1046 1818 1124 1866 non
1138 1806 1231 1866 sunt
1247 1791 1351 1865 circa
1375 1791 1580 1867 teutdrium
1591 1819 1703 1896 porte

380 1937 594 2026 sequentes,
612 1921 760 1997 Verum
781 1923 927 1999 Xerxes
945 1921 1051 1998 solus
1076 1920 1185 1998 adest
1208 1949 1337 2030 neque
1372 1924 1555 2001 convenit
1577 1923 1699 2002 choro

383 2047 487 2127 illud
505 2051 651 2142 miror,
693 2051 823 2126 miror.

444 2181 490 2257 ln
527 2182 849 2285 interpretatione
882 2180 1000 2258 latina
1030 2179 1070 2257 id
1094 2183 1337 2292 potissimum
1364 2200 1515 2260 secutus
1542 2209 1625 2259 sum
1659 2201 1702 2260 ut

384 2310 559 2414 AEsclryli
582 2311 701 2387 verba
724 2311 949 2387 brevissime
971 2327 1010 2387 et
1029 2313 1311 2394 accuratissime
1333 2311 1450 2390 latine
1472 2309 1702 2406 redderem,

385 2461 544 2550 poetam
560 2459 666 2518 ratus
683 2442 864 2518 facillime
881 2441 1073 2546 intelligi,
1100 2443 1131 2518 si
1151 2441 1286 2520 eadem
1305 2443 1492 2520 orationis
1514 2441 1703 2520 brevitate

382 2575 524 2652 eadem
544 2600 651 2650 sensa
678 2573 952 2650 excitarentur.
979 2572 1118 2678 Neque
1140 2570 1281 2650 dubito
1310 2573 1407 2678 quin
1435 2572 1710 2677 AEschyluseo.

383 2707 525 2784 melius
550 2705 794 2810 exprimatur
818 2731 900 2809 quo
924 2705 1044 2807 magis
1072 2703 1201 2780 verbis
1232 2705 1324 2808 ipsis
1354 2705 1547 2782 institeris.
1572 2706 1630 2782 lta
1651 2705 1705 2781 fa-

382 2839 530 2916 cillime
550 2837 628 2912 vim
652 2852 778 2941 poetae
805 2852 997 2911 assecutus
1018 2836 1069 2911 sis
1093 2835 1377 2940 retinuerisque
1406 2833 1608 2912 brevitatis
1636 2835 1704 2914 de-

383 2999 454 3049 cus
476 2967 588 3076 quod
609 2995 689 3046 non
708 2955 988 3043 inter'minima
1008 2966 1257 3045 referendum
1274 2967 1333 3043 sit.
1355 2966 1704 3083 Brevitasquidem

382 3103 665 3180 obscuritatem
682 3107 785 3206 parit
814 3129 823 3175 z
851 3126 988 3175 verum
1015 3097 1206 3194 diminui,
1234 3116 1277 3175 ut
1301 3117 1425 3204 put0,
1457 3100 1533 3178 hoc
1560 3100 1706 3178 incom-

385 3234 552 3313 modum
583 3233 726 3313 additis
758 3233 943 3314 brevibus
985 3228 1390 3338 interpretationibus.
1424 3231 1576 3311 Deinde
1611 3262 1705 3311 vero

382 3367 595 3470 rfschylus
625 3395 707 3444 non
737 3367 766 3442 is
788 3351 934 3472 estqui
963 3394 984 3442 a
1015 3365 1263 3478 somnolento
1304 3384 1343 3443 et
1377 3367 1562 3445 oscitante
1585 3367 1704 3444 lecto-

383 3526 427 3576 re
441 3496 611 3601 intelligi
627 3498 757 3603 possit.
773 3498 906 3595 Quare
925 3498 994 3604 qui
1009 3497 1114 3574 volet
1129 3522 1363 3601 cognoscere
1375 3496 1600 3601 AEschylum
1621 3526 1700 3575 non

379 3630 599 3709 deterritus
621 3626 819 3733 cogitandi
842 3628 979 3705 labore
1009 3658 1017 3703 :
1051 3631 1086 3704 ei
1112 3629 1193 3705 lraec
1217 3629 1489 3733 interpretatio
1516 3629 1605 3706 satis
1632 3630 1706 3705 erit

380 3761 510 3838 facilis
535 3778 575 3836 et
597 3760 814 3865 perspicua.
837 3759 883 3835 ln
905 3759 1064 3865 reliquis
1092 3760 1180 3836 satis
1204 3757 1360 3835 habebo
1386 3760 1416 3835 si
1438 3786 1522 3836 mea
1545 3788 1707 3869 quoque

379 3918 512 3999 opera
533 3890 684 3997 aliquid
712 3919 764 3967 eo
783 3890 1017 3967 contulerim
1052 3908 1096 3967 ut
1120 3890 1363 3996 frequentius
1390 3908 1507 3995 poeta
1536 3889 1706 3995 legatur,

379 4052 470 4130 qno
485 4021 755 4099 sublimiorem
782 4022 966 4133 lectuque
988 4020 1209 4126 digniorem
1246 4022 1454 4128 antiquitas
1492 4022 1611 4101 habet
1643 4050 1715 4098 ne«
1800 4068 1804 4077 ι

380 4156 548 4231 minem.

435 4284 520 4364 Sed
537 4285 615 4391 jam
636 4312 787 4362 necesse
815 4303 871 4362 est
897 4283 945 4361 ad
974 4285 1039 4361 illa
1064 4284 1193 4363 redire
1212 4315 1300 4392 quoe
1327 4304 1395 4363 aut
1409 4286 1615 4383 innovavi,
1641 4300 1709 4361 aut

379 4421 536 4496 intacta
568 4416 722 4523 reliqui.
750 4418 848 4515 Quae
880 4415 976 4494 dum
1001 4445 1180 4523 expono,
1203 4444 1332 4494 meum
1356 4444 1437 4494 non
1464 4443 1546 4513 esse
1570 4444 1710 4493 censeo

380 4568 426 4629 ut
440 4549 546 4626 alios
564 4546 807 4653 redarguam.
826 4548 925 4625 Satis
939 4547 1097 4627 habebo
1112 4578 1187 4655 pro
1204 4550 1381 4626 instituto
1402 4574 1489 4625 meo
1509 4546 1722 4636 brevitatis¹

382 4682 454 4759 illa
475 4708 800 4762 commemorasse
816 4656 856 4758 et
876 4680 946 4761 ubi
960 4680 1034 4759 fuit
1051 4682 1308 4759 necessarium
1330 4679 1557 4759 defendisse.
