4567 6425
591 740 599 765 ’
849 741 1060 801 soeuuctts
1079 743 1328 805 FRAGMENTA.

302 867 346 923 rix
370 868 524 948 respondet
541 872 722 943 erimindnrs,
739 872 790 930 scd
804 874 984 951 magnanima
999 895 1063 933 ora·

301 956 381 1013 tione
392 958 495 1017 merita
509 960 604 1016 solnm
626 980 677 1017 sua
692 961 829 1037 exponit3
849 962 926 1040 apud
945 963 1063 1041 Sopho-

300 1043 384 1113 clem,
393 1060 424 1103 nt
436 1046 526 1105 multa
536 1068 603 1105 curn
613 1060 676 1105 arte
689 1049 832 1107 refelleret
842 1070 906 1127 qnae
916 1063 1063 1110 aecusator

300 1131 459 1207 objiceret,
476 1134 554 1213 apud
569 1136 741 1213 Euripidem
761 1151 795 1193 ut
816 1138 957 1196 invidiosa
973 1160 1062 1216 argu-

301 1235 398 1279 menta
409 1224 594 1297 afferrentur,
608 1224 713 1302 quibus
723 1224 837 1302 jndices
854 1227 883 1285 in
897 1246 976 1285 reum
989 1228 1064 1285 inci—

300 1320 439 1367 tarentur.
453 1316 496 1369 lta
507 1312 555 1369 ille
565 1333 597 1370 se
606 1313 775 1371 meritorum
786 1333 903 1372 snorum
916 1316 1062 1373 conscien-

300 1396 337 1453 tia
358 1396 485 1472 perdidit
507 1398 586 1475 apud
611 1400 801 1477 AEschylum3
825 1404 921 1480 specie
951 1404 1062 1483 culpae,

298 1487 366 1561 quia
375 1485 609 1565 defensioneque
618 1489 1063 1570 intelligebatur,commodisque

299 1589 461 1633 ceterorum
473 1572 680 1633 adversabatur
692 1578 855 1636 Palamedes
866 1580 1063 1658 sapientiaque

300 1682 366 1719 cera
384 1676 414 1721 et
427 1663 554 1722 inlrrcata
568 1663 686 1721 invidiae
697 1665 812 1735 illorum
831 1666 975 1726 obnoxius
988 1668 1061 1741 fuit,

297 1750 376 1825 apud
392 1752 587 1829 Sophoclem}
601 1752 750 1810 invidiosis
766 1756 942 1833 argumentis
955 1756 1060 1813 adrer-

297 1839 364 1894 sarii
379 1840 459 1915 apud
471 1840 652 1917 Euripidem.
668 1840 710 1898 Cl.
723 1840 858 1919 Xenoph.
872 1846 991 1902 Memor.
1005 1848 1062 1915 IV,

299 1951 326 1992 a,
342 1928 390 1985 33.
406 1932 517 1987 Omnes
529 1912 706 1986 corrreriirrnt
721 1929 752 1985 in
770 1948 805 1986 eo
823 1928 902 2005 (pared
922 1932 1061 2010 Virgilius

298 2016 444 2091 expressit
457 2016 501 2072 his
515 2016 646 2074 rersibns
659 2014 743 2093 (llio.
753 2021 793 2088 ll,
808 2017 862 2092 83)
876 2039 883 2074 ε

493 2172 581 2241 Quem
593 2170 662 2226 salsa
672 2171 725 2226 sub
737 2172 892 2242 proditione
902 2173 1007 2246 Pelasgi

298 2246 435 2303 insontem
450 2248 565 2305 infando
579 2249 693 2315 indicio,
708 2251 769 2321 unia
786 2252 855 2308 bella
869 2253 989 2318 vetabat,

296 2328 430 2384 derrrisere
444 2329 514 2395 uoci,
529 2344 602 2385 uuae
613 2346 721 2386 cassum
737 2330 842 2387 lumine
856 2332 961 2403 lugent.

298 2486 420 2543 Maximi
446 2499 542 2543 autern
560 2488 698 2543 momenti
722 2488 749 2543 iu
772 2487 876 2545 salrulae
895 2488 1062 2547 conforrna-

299 2576 395 2644 tioue,
409 2576 503 2652 qualis
515 2576 645 2651 Tragicis
658 2577 775 2653 placuit,
788 2576 817 2633 id
831 2578 945 2635 ridetur·
957 2578 1062 2650 luisse,

297 2662 377 2739 ιμιοιΙ
396 2664 558 2721 Palamedes
573 2684 672 2739 pacem
691 2664 849 2721 faciendam
868 2678 1004 2723 suaserat.
1020 2671 1061 2724 Ex

297 2773 333 2805 eo
356 2751 485 2828 suspicio
500 2750 675 2829 proditionis
694 2765 759 2810 orta
774 2766 826 2811 est.
849 2754 912 2813 virt.
935 2754 1062 2831 AEschyii

299 2842 401 2915 fragm.
420 2843 538 2917 Optime
557 2852 653 2898 antem
665 2839 736 2897 illud
757 2840 916 2900 Palamedis
931 2862 1063 2919 personae

297 2926 511 2996 erroreniehat,
532 2930 583 3005 qui
606 2948 694 3006 quum
716 2928 854 2988 bellnnra
876 2950 952 2988 raeco
973 2932 1061 2989 animi

298 3018 413 3093 impetu
434 3016 470 3073 ad
486 3029 577 3074 artem
597 3029 761 3074 revocasset
787 3029 955 3095 tantumque
983 3020 1062 3096 pacis

299 3125 386 3162 rausa
400 3105 569 3162 sumendum
587 3104 773 3176 instituisset,
785 3106 871 3163 etiam
892 3107 920 3163 in
941 3108 1062 3165 victoria

301 3193 373 3250 rrilril
387 3192 442 3251 nisi
456 3193 624 3271 gravissima
634 3190 805 3251 detrimenta
819 3195 961 3272 praeridit.
975 3196 1062 3268 Quod

299 3281 547 3339 cnrrsiliumiaeile
562 3280 599 3338 ab
615 3301 650 3338 eo
667 3281 795 3337 omniurn
818 3282 1061 3358 sapientissimam

299 3368 454 3446 praedicari
468 3369 581 3446 potuit,
595 3382 626 3427 nt
639 3368 724 3445 longe
736 3369 865 3427 dillerret
876 3369 912 3427 ab
931 3372 1062 3430 oratioue

298 3477 403 3514 eorum
414 3501 423 3523 ,
436 3457 486 3533 qui
498 3457 544 3514 vel
565 3477 631 3515 rere
646 3458 689 3513 vel
705 3458 776 3515 laiso
789 3471 872 3516 antea
893 3459 921 3515 in
940 3460 1060 3536 patriam

297 3546 354 3604 sibi
369 3545 549 3603 redeundum
560 3565 623 3603 esse
637 3557 791 3603 suaserant.

337 3633 437 3691 Altera
455 3652 578 3710 persona
593 3635 738 3712 tragoediae
757 3633 810 3691 init
824 3634 943 3706 Ulixes,
959 3635 1009 3712 qui
1030 3649 1062 3694 ut

297 3736 360 3779 erat
374 3721 483 3798 ubique
501 3720 578 3779 idern
595 3721 673 3799 apud
687 3723 841 3798 Tragicos,
855 3721 1004 3794 subdolus,
1016 3725 1061 3782 sui

296 3810 445 3867 studiosus
458 3810 542 3867 etiam
554 3810 583 3867 in
594 3811 705 3881 alieno,
717 3809 844 3886 ejusdem
858 3811 899 3869 rei
913 3813 1062 3870 simulator

297 3911 326 3954 et
341 3898 549 3969 dissimulator,
561 3909 656 3954 tamen
668 3917 726 3955 non
742 3897 856 3958 easdem
866 3911 962 3976 partes
972 3901 1062 3978 egisse

299 3987 432 4057 ridetur,
453 3985 575 4062 quas-iu
598 3985 753 4062 Sophoclis
774 3987 939 4045 Philocteta.
954 3989 987 4046 ln
1008 3988 1061 4046 bac

297 4076 375 4131 eninr
392 4073 528 4149 tragedia
539 4072 692 4130 commoda
703 4078 869 4132 Graecorum
880 4088 995 4133 secutus
1007 4088 1062 4146 est,

297 4165 327 4218 in
350 4160 499 4220 Palamede
521 4160 643 4237 injurias
666 4162 729 4240 ipse
743 4182 809 4220 suas
829 4161 867 4220 ab
884 4163 1002 4220 inimico
1013 4183 1061 4221 ac·

298 4265 397 4322 reptas
412 4251 490 4306 ultus
503 4262 554 4306 est.
567 4251 709 4320 Quocirca
723 4250 809 4327 hujus
823 4251 992 4320 orationem,
1004 4272 1062 4328 qua

297 4338 468 4408 arcrrsavit,
486 4337 529 4394 ira
548 4336 681 4396 inlectam
708 4350 737 4395 et
758 4338 949 4397 amaritudine
969 4341 1061 4398 inter·

297 4445 426 4503 spensam
450 4424 616 4484 credideris.
637 4426 766 4502 Reliquae
789 4445 920 4503 persooae
942 4447 1062 4504 prorsus

297 4519 477 4582 ignorantur.
490 4511 634 4571 Credibile
645 4525 793 4571 esttamen
805 4522 1062 4593 Agamemnonem,

300 4603 463 4659 Menelaum
476 4645 485 4668 ,
498 4601 599 4658 ambos
618 4621 675 4658 noo
696 4602 807 4679 optimo
821 4605 917 4659 :inimo
937 4605 966 4660 in
981 4605 1062 4662 Pala-

300 4689 424 4758 medem,
442 4689 492 4746 sed
512 4690 587 4746 iliius
606 4692 881 4748 commemoratione
892 4693 1060 4750 meritonam

300 4779 431 4834 ollensos
454 4777 578 4854 ideoque
596 4777 712 4853 iniquos
719 4777 832 4854 judices
842 4778 974 4838 adfuisse.
984 4779 1061 4838 Cho-

299 4887 362 4921 rum
385 4887 421 4923 ex
442 4863 560 4922 Achivis
583 4866 774 4942 compositum
799 4866 887 4922 luisse
910 4866 1061 4944 probabile

297 4966 351 5008 est.

338 5045 509 5117 Fragmenta
526 5041 605 5097 nulla
620 5041 755 5098 videntur
771 5061 807 5098 ex
827 5041 920 5100 Ulixis
942 5062 1060 5100 accusa-

352 5287 423 5358 ἰξατο
435 5281 527 5340 doceri
539 5211 762 5356 possunt9diseo,
775 5301 837 5358 queo
846 5287 963 5343 inveniri

352 5363 481 5434 exquiro,
493 5378 555 5436 qnae
567 5362 704 5436 precanda
716 5379 732 5420 a
746 5364 799 5422 diis
811 5367 936 5438 expetivi.

301 5501 539 5600 Sqrieniixsimum
551 5451 762 5592 uuonatiriiam,
776 5529 881 5584 laertae
893 5527 1009 5585 soboles

1719 730 1724 751 ¹
1819 767 1874 816 aaa

1118 877 1196 937 tione
1209 892 1321 938 serrata
1336 900 1412 951 esse;
1422 900 1457 940 ex
1472 883 1630 943 Palamedis
1641 884 1809 946 defensione
1818 888 1878 951 tor-

1120 979 1192 1024 tasse
1204 968 1251 1025 illa
1265 981 1332 1027 snat
1345 971 1423 1048 apud
1437 971 1510 1028 Plut.
1523 976 1596 1030 Mor.
1608 992 1637 1051 p.
1650 976 1700 1051 98,
1715 980 1739 1034 Δ
1757 996 1764 1033 ι

1116 1084 1178 1171 [96]
1197 1082 1246 1150 Τά
1263 1086 1316 1177 μὲν
1334 1076 1469 1154 διδακτὰ
1486 1090 1638 1179 μανθάνω,
1656 1088 1697 1158 τά
1714 1084 1742 1157 δ’
1759 1092 1864 1187 εὑρετὰ

1196 1192 1291 1283 ζητῶ,
1307 1198 1349 1267 τὰ
1365 1193 1393 1267 δ’
1409 1202 1500 1269 εὐκτὰ
1515 1203 1600 1297 παρὰ
1616 1205 1689 1272 θεῶν
1704 1208 1877 1301 ᾐτησάμην.

1116 1324 1217 1383 Eidem
1248 1327 1314 1385 loco
1341 1330 1510 1388 Welclrerus
1529 1330 1683 1408 adscripsit
1703 1332 1765 1393 haec
1791 1334 1879 1395 rerba

1116 1413 1195 1489 apud
1214 1414 1302 1474 schol.
1313 1418 1459 1476 Theocriti
1472 1422 1538 1489 XV,
1555 1422 1608 1487 [ὃς

1116 1542 1179 1627 [97]
1192 1544 1237 1609 Τὸ
1249 1542 1402 1635 πάναορον
1415 1548 1556 1639 κρότημα
1571 1548 1710 1639 Λαέρτου
1727 1550 1825 1643 γάνος.

1117 1676 1171 1734 uis
1193 1680 1372 1738 conveniunt
1393 1681 1456 1754 illa,
1479 1681 1585 1759 quibus
1608 1685 1784 1761 exponitur,
1807 1704 1881 1764 ‹pro-

1117 1764 1205 1823 modo
1224 1768 1387 1827 Palamedes
1409 1770 1518 1828 morbis
1538 1770 1565 1828 in
1584 1774 1696 1830 Graecos
1716 1792 1782 1831 cunr
1807 1773 1881 1833 larue

1115 1850 1293 1912 irruentibus
1303 1857 1469 1915 occurrerit.
1482 1859 1605 1934 Hesyeh.
1615 1881 1622 1915 :
1633 1858 1697 1937 [98]
1706 1888 1718 1911 ι
1727 1860 1880 1941 decerpas,-

1116 1939 1265 2023 φάρμακον.
1280 1944 1314 2003 Σ.
1326 1944 1487 2024 Παλαμήδῃ.
1507 1950 1542 2003 Et
1552 1946 1641 2017 idern,
1657 1948 1721 2025 [99]
1736 1949 1856 2030 siponti,
1868 1975 1881 2001 ι

1116 2026 1223 2108 δριπτά.
1239 2031 1272 2091 Σ.
1288 2032 1451 2111 Παλαμήδῃ.
1463 2060 1474 2085 ι
1488 2038 1533 2093 De
1544 2054 1603 2111 quo
1617 2035 1681 2093 loco
1697 2036 1757 2095 hac
1777 2038 1880 2115 scripsi

1115 2112 1147 2169 in
1156 2115 1305 2175 Thesauro
1318 2120 1376 2177 rol.
1389 2124 1427 2191 ll,
1441 2141 1470 2198 p.
1486 2140 1570 2191 ιςοο,
1584 2126 1619 2181 B:
1632 2122 1736 2181 Suidas
1749 2146 1756 2182 ι
1771 2124 1880 2203 δρωπα-

1115 2202 1196 2276 rita,
1216 2206 1340 2282 συνάγω,
1357 2211 1458 2287 apa-(ii.
1472 2209 1587 2287 Δρωιιτίι
1605 2210 1675 2287 (duo
1689 2212 1773 2271 codd.
1790 2214 1879 2271 Gaisl.

1115 2290 1247 2368 liberque
1259 2298 1325 2353 HSt.
1336 2314 1356 2351 s.
1370 2316 1397 2355 ν.
1409 2297 1575 2374 Δρωπακίζω
1587 2312 1763 2357 memoratus
1774 2299 1879 2377 δρωπδ]

1114 2382 1165 2460 γὰρ
1180 2381 1214 2439 rh
1228 2380 1342 2461 δριτιτίι,
1362 2382 1396 2439 rh
1414 2383 1543 2464 δρέπανα.
1564 2384 1608 2445 Τὰ
1623 2386 1720 2465 δριπτίι
1741 2408 1777 2445 ex
1792 2387 1878 2447 codd.

1115 2471 1204 2528 Paris.
1220 2470 1334 2530 addidit
1353 2478 1509 2547 Kristerus,
1521 2493 1579 2531 nou
1594 2475 1824 2534 animadvertens
1836 2490 1880 2534 ta·

1115 2577 1180 2615 rnen
1195 2558 1349 2617 tollendam
1361 2561 1587 2637 rlittngraplriam
1599 2582 1661 2619 esse
1673 2563 1767 2621 deleto
1778 2564 1811 2622 sir
1823 2562 1880 2643 δρέ-

1115 2667 1205 2723 πανα,
1223 2668 1399 2725 quamquam
1415 2669 1461 2725 ap.
1481 2654 1621 2707 Zonararn
1637 2671 1755 2728 qnoque
1775 2652 1880 2730 legitur

1116 2754 1145 2813 p.
1162 2735 1217 2807 572
1234 2758 1241 2791 ε
1257 2734 1350 2816 δρώιτα
1363 2737 1453 2817 (sic)·
1467 2736 1501 2795 τίι
1514 2736 1626 2816 ipasch,
1635 2737 1693 2808 ἤτοι
1707 2736 1742 2797 τὰ
1752 2762 1880 2817 τετρυγη-

1116 2820 1184 2896 pira
1205 2820 1272 2893 ἢτίι
1295 2823 1420 2903 δρέπανα.
1447 2825 1538 2903 Aperui
1562 2845 1614 2904 per
1635 2825 1733 2905 δριπτίι
1754 2830 1880 2903 explicat

1115 2912 1237 2986 Hesych.
1262 2932 1298 2969 ex
1321 2911 1471 2971 Palamede
1493 2912 1663 2988 Sophoclis,
1687 2928 1823 2992 corrupte
1848 2930 1879 2973 ut

1115 2998 1231 3057 cicietur
1244 3018 1298 3077 pro
1310 2998 1426 3081 δρωιττά.
1441 3026 1452 3050 ι
1469 3002 1501 3057 G.
1515 3002 1647 3073 Dindms.
1664 3028 1675 3051 ι
1691 3002 1765 3078 Ι,ιιμί
1778 3024 1812 3059 ex
1828 3004 1878 3063 lda

1114 3085 1323 3144 descenderunt
1348 3107 1439 3164 usque
1464 3086 1500 3145 ad
1525 3092 1650 3146 tentoria
1676 3089 1878 3161 Achivorum,

1115 3197 1188 3253 ιμιοτ
1203 3178 1302 3236 Ulixes
1316 3190 1348 3236 ut
1364 3178 1439 3237 ieras
1451 3178 1625 3237 occidendos
1643 3181 1772 3252 censuit,
1795 3181 1877 3239 Pala-

1116 3268 1212 3326 medes
1229 3271 1361 3348 prodigia
1377 3269 1517 3349 Apollinis
1534 3271 1652 3342 habuit,
1665 3271 1769 3350 quibus
1784 3273 1878 3332 imini-

1115 3376 1186 3414 neus
1197 3359 1358 3434 pestilentia
1371 3357 1604 3434 portenderetur,
1619 3379 1714 3436 neque
1723 3361 1777 3418 tela
1786 3362 1879 3419 voluit

1115 3446 1257 3519 adhiberi,
1278 3447 1328 3506 sed
1347 3448 1553 3522 uredicamina,
1577 3450 1683 3528 quibus
1699 3451 1793 3508 Graeci
1816 3471 1878 3510 sese

1115 3548 1334 3612 protegerent.»
1361 3537 1535 3596 Welckems.
1564 3545 1639 3615 Apte
1665 3553 1803 3618 praeterea
1834 3539 1878 3598 his

1114 3639 1297 3701 comparatus
1318 3637 1362 3684 est
1381 3625 1462 3683 locus
1480 3625 1559 3704 apud
1579 3628 1710 3686 Eustatlr.
1728 3627 1831 3703 Odyss.
1848 3647 1876 3705 p.

1119 3714 1205 3788 1397,
1218 3715 1236 3770 8
1253 3737 1259 3771 :
1272 3711 1306 3772 ‘0
1322 3711 1349 3770 δὲ
1363 3713 1397 3771 τά
1409 3713 1469 3794 περί
1485 3713 1644 3784 Ἑλληνικῆς
1657 3715 1762 3780 παιδιᾶς
1775 3715 1878 3796 γράψας

1115 3800 1241 3882 διαρορίιν
1253 3803 1298 3859 καί
1310 3801 1387 3867 αὐτὸς
1401 3800 1474 3867 εἰδὼς
1487 3800 1576 3860 ιιύὸων
1590 3800 1635 3860 καί
1647 3805 1783 3863 πεσσῶν...
1793 3803 1878 3881 παρά-

1114 3911 1155 3962 γει
1174 3889 1337 3970 Σοφοκλέους
1356 3887 1404 3966 μίν
1427 3891 1457 3948 ia
1479 3889 1655 3966 Παλαμήδους
1675 3888 1816 3966 ὁμωνύμου
1840 3893 1876 3969 τίς,

1114 3976 1182 4057 ἥρωϊ
1194 3977 1326 4058 δράματος
1336 3976 1366 4034 τὸ
1376 3979 1471 4042 ἐκεῖνος
1483 3977 1573 4058 ίροῦρι

1195 4085 1308 4153 aereoli<
1322 4085 1477 4158 abliorrere,
1493 4085 1603 4164 τερπνὸν
1617 4087 1708 4168 ἀργίας
1720 4087 1790 4150 droa.

1114 4204 1151 4258 Et
1167 4200 1240 4258 idem
1256 4221 1285 4279 p.
1302 4201 1371 4274 aad,
1387 4210 1401 4268 l,
1415 4222 1422 4256 ε
1435 4201 1492 4269 Τῆς
1509 4199 1537 4259 dl
1551 4199 1674 4272 τοιαύτης
1695 4199 1809 4268 ἐπινοίας
1831 4211 1878 4260 τοῦ

1115 4289 1296 4366 Παλαμήδους
1310 4289 1414 4359 καὶτῆς
1426 4289 1551 4368 ιίιρίσιως
1565 4288 1592 4347 δί
1606 4297 1657 4362 τοῦΙ
1666 4289 1770 4370 χρόνου,
1784 4293 1816 4364 ἣν
1830 4292 1876 4350 καὶ

1115 4373 1197 4446 αὐτὴν
1213 4377 1309 4442 ἐκεῖνος
1322 4375 1480 4457 inopinato,
1495 4375 1615 4458 μάρτυρα
1632 4379 1780 4458 παράγουσι
1794 4381 1877 4459 Σορο-

1114 4468 1180 4538 αλῆν
1191 4509 1199 4535 ,
1212 4465 1239 4532 ὃς
1254 4468 1281 4526 ἐν
1296 4467 1412 4548 δράματι
1433 4465 1566 4549 ὁμωνύμῳ
1581 4471 1620 4549 τῷ
1634 4469 1724 4550 ούρίτῃ
1744 4470 1877 4548 Παλαμή·

1115 4554 1153 4611 der
1166 4553 1262 4635 μησίν·

1114 4681 1197 4766 [tou]
1215 4683 1260 4748 Οὐ
1273 4684 1364 4773 λιμὸν
1381 4680 1464 4760 οὗτος
1481 4673 1572 4749 τῶνδ’
1587 4683 1703 4767 dadae,
1719 4677 1768 4760 ξύν
1785 4682 1841 4766 θεῷ

1210 4796 1313 4880 εἰπεῖν,
1327 4797 1434 4889 χρόνου
1450 4821 1483 4864 τε
1501 4787 1858 4888 &reprehensorem

1209 4913 1308 5005 ίριῡρε
1323 4907 1468 5000 piniadae
1482 4909 1561 5002 perit
1574 4915 1671 4984 κοινὴν
1683 4910 1860 4999 καθημένοις

1211 5029 1338 5104 πιστοὺς
1350 5022 1459 5106 edisne
1472 5053 1519 5112 ra,
1533 5034 1658 5119 τερπνὸν
1671 5028 1777 5120 οίργίας
1789 5023 1873 5106 άκος,

1114 5291 1213 5344 Nonne
1227 5287 1271 5342 hic
1286 5285 1388 5342 famem
1402 5213 1551 5360 abegiiodei

1114 5366 1215 5424 auxilio
1227 5367 1332 5436 otiique
1345 5367 1555 5423 transactionem
1568 5365 1793 5434 sapientissimam

1087 5500 1092 5529 ρ
1115 5449 1218 5502 ίιινοιιίι
1230 5455 1293 5518 post
1307 5445 1369 5501 belii
1383 5445 1503 5502 lahorem
1513 5443 1677 5505 sedentibus
1812 5447 1817 5458 '

1086 5531 1092 5586 l
1116 5521 1866 5606 tesseraslatmncuiosquearraremignaviaemedelam?
