4567 6425
805 692 1014 757 soeuocus
1035 690 1286 757 FRAGMENTA.
1779 714 1832 767 tn

258 838 320 895 tine
340 831 512 893 comissatio
525 829 651 899 dicitur,
673 846 763 905 quum
785 844 821 881 ne
846 823 883 882 de
907 823 1024 881 nominc
1071 823 1140 880 vino
1153 824 1273 883 ridicula
1289 824 1442 904 conjuncta
1455 828 1570 899 luerint,
1583 830 1638 887 nisi
1651 831 1728 907 quod
1740 832 1768 891 in
1783 838 1835 893 s..

256 922 377 1001 quidem
396 920 465 979 satis
477 930 589 976 constet
606 929 742 993 tantaque
752 914 1024 988 sitsragmentorum
1072 914 1143 986 tyris
1155 913 1230 970 serio
1245 914 1273 971 iu
1286 915 1385 973 secisse
1395 916 1536 975 rideatur.
1551 924 1722 997 Comparem
1737 921 1836 983 rhama

257 1011 397 1081 tenuitas,
411 1019 445 1065 ut
458 1026 494 1065 cx
511 1005 568 1063 illis
579 1003 652 1062 nihil
664 1003 760 1080 colligi
773 1002 874 1079 possit.
896 1001 1026 1057 Welche·
1071 1019 1138 1057 cum
1153 1004 1285 1077 Lycurgo
1298 1004 1440 1079 AEschyli,
1455 1006 1507 1061 nisi
1522 1007 1600 1083 quod
1620 1008 1680 1065 reri
1699 1009 1767 1083 rini,
1778 1032 1835 1069 non

257 1118 321 1171 rus,
334 1097 384 1176 qui
405 1098 503 1171 Κῶμον
521 1092 647 1151 fabulam
662 1092 767 1149 dictam
786 1089 909 1167 putavit,
921 1087 1024 1145 Bacchi
1073 1088 1147 1144 cocti
1165 1107 1233 1146 usus
1245 1092 1416 1149 ostenditur.
1431 1092 1528 1153 choro
1543 1094 1687 1154 trilmendfi
1703 1111 1769 1155 gum
1779 1098 1837 1157 duo

257 1189 493 1249 comissatiouem
528 1184 564 1241 ad
588 1185 728 1242 Althaeam
760 1180 921 1252 intellexit,
944 1178 1025 1255 cujus

258 1277 416 1354 Euripides
431 1275 460 1332 ln
473 1273 600 1351 Cyclope
613 1273 786 1329 mentionem
802 1270 869 1327 lacit
884 1288 909 1323 ν.
926 1268 963 1325 38
979 1289 985 1322 :

358 1389 472 1465 Ὅμοιοι
486 1392 548 1467 ὑμῖν
561 1392 607 1444 νῦν
622 1409 649 1443 τε
665 1382 738 1463 χώτε
752 1383 862 1463 Βακχίῳ

361 1479 448 1551 κῶμοι
459 1474 660 1541 συνασπίζοντες
674 1472 794 1535 Ἀλθαίας
806 1470 900 1546 δόμους

258 1679 302 1731 Ac
322 1685 409 1749 negat
424 1671 597 1729 Welclserus
620 1675 753 1727 Momum
783 1686 845 1725 esse
873 1684 1027 1744 personam
1086 1680 1093 1691 ·

258 1759 458 1817 dramaticant.
471 1764 504 1816 Iu
518 1780 575 1834 qua
587 1778 618 1815 re
629 1762 727 1815 neseio
744 1777 779 1814 an
799 1757 846 1815 vir
865 1754 1026 1833 preclaris—

259 1850 350 1905 simus
363 1848 450 1905 salsus
463 1849 510 1917 sit,
524 1845 685 1924 presertim
706 1865 795 1923 (raum
814 1844 901 1902 etiam
921 1842 1027 1899 AEchaei

260 1942 378 1994 Moenus
399 1937 428 1993 in
449 1935 567 1993 scholiis
590 1933 627 1991 ad
653 1932 858 2011 Aristophanis
878 1937 979 1990 Pacem
1000 1949 1028 1985 ν.

262 2024 320 2096 357
343 2034 595 2081 commemoretur.
620 2027 660 2081 At
684 2022 707 2077 si
737 2027 854 2078 Momus
874 2038 962 2076 verus
987 2030 1030 2073 est
1097 2057 1103 2078 ,

262 2110 370 2169 fabulae
391 2111 500 2179 titulus,
523 2108 659 2167 omuibus
681 2108 816 2166 subsidiis
835 2106 1029 2206 destituimur,
1076 2142 1148 2201 „pm
1169 2144 1213 2202 κα,
1231 2145 1371 2219 μεθύουσιν
1392 2149 1583 2229 &puch-mm
1597 2154 1643 2209 M
1658 2148 1686 2209 ὃ,
1699 2148 1844 2216 &cmm

262 2198 371 2275 quihus
390 2199 427 2257 ad
460 2199 622 2276 argumenti
652 2198 847 2275 cognitionem
878 2214 1030 2274 pervenire

264 2289 417 2367 possimus.
431 2294 603 2367 Fragmenta
613 2290 766 2345 maximam
789 2300 901 2366 partem
919 2287 948 2343 iu
967 2288 1029 2342 lle-

263 2378 356 2454 sychii
368 2378 469 2455 glossis
483 2378 681 2455 reperiuntur;
694 2377 819 2453 primum
831 2389 895 2433 est:
910 2370 1031 2443 Ἀλώπςξ

262 2465 374 2546 ὄρχησίς
388 2488 436 2531 τις.
451 2465 505 2525 Καὶ
523 2464 608 2543 [120]
622 2491 633 2517 ι
647 2462 800 2535 ἀλωπηκίαι
810 2488 823 2514 ν
835 2461 934 2541 Μώμῳ
953 2461 1029 2539 (cod.

264 2553 387 2630 μώμων)
412 2554 566 2632 Σοροκλῆς,
589 2552 653 2633 ὅπερ
667 2551 739 2610 ἐστὶν
767 2553 795 2609 ε’ν
824 2549 931 2626 σώματι
950 2549 1033 2613 πάθος

263 2642 414 2721 γενόμενον.
436 2644 506 2699 ht:
534 2641 617 2719 [721]
639 2668 651 2691 ι
664 2640 774 2722 ἀμριον,
788 2668 801 2689 ν
826 2639 935 2717 ἔνδυμα.
966 2640 1032 2718 Σορ.

264 2730 370 2811 Μώμῳ.
387 2730 427 2793 ld.
444 2730 527 2809 [722]
543 2758 554 2779 .
565 2732 725 2809 discrepet,
737 2756 750 2779 ν
763 2729 859 2807 ἀπᾶραι
869 2727 900 2786 τδ
915 2728 1031 2785 αἰδοῖον·

265 2818 453 2896 ῆστυγνάσαι.
472 2819 539 2898 Sep.
561 2817 666 2896 Μώμῳ.
682 2817 725 2875 ld.
741 2813 849 2898 [123]ε
868 2816 1033 2895 ἀνθρωοκε,ι

266 2910 321 2965 ἀνω
334 2910 446 2987 θριῗνσκε,
460 2908 629 2985 ineman
650 2902 747 2984 Μώμῳ
766 2903 841 2982 (cod.
862 2901 966 2982 κώμῳ).
989 2902 1032 2961 ld.

265 2996 348 3073 [724]
373 3022 384 3043 ι
396 2995 590 3067 ἀποσκολυπτε,
604 3022 616 3045 ν
632 2991 775 3059 ἀπολίπιᾷ
801 2990 847 3049 καί
873 2989 1029 3049 ἀποκόλουε.

330 3084 336 3098 .
398 3083 404 3101 .
446 3082 453 3100 ι
662 3081 669 3099 ,
745 3078 840 3103 NJ.
924 3080 933 3098 ι

265 3086 342 3144 ‘m
364 3106 408 3141 ‘²¹
428 3106 473 3141 τον
487 3104 713 3163 περιηῗμημων
727 3102 757 3136 το
771 3102 869 3137 “ww
890 3106 903 3130 ⁴¹
917 3100 1033 3137 'mm‘
1077 3118 1191 3196 jectura
1206 3120 1308 3195 possis.
1322 3124 1423 3196 ltaque
1434 3121 1549 3177 hiertrut
1564 3122 1614 3198 qui
1628 3122 1743 3180 titulum
1758 3136 1789 3179 ut
1800 3142 1850 3181 er-

1022 3255 1028 3270 .
1082 3231 1149 3268 rore
1169 3222 1264 3266 ortum
1287 3208 1390 3266 sabulis
1408 3208 1577 3288 Sophocleis
1592 3213 1718 3268 eximere
1735 3210 1848 3270 vellent

264 3170 433 3252 λυμμένον.ι
452 3171 590 3252 Σοφοκλῆς
609 3169 714 3251 Μώμῳ.
733 3168 944 3229 Grattttttallctts
960 3167 1035 3226 Belz-

266 3263 326 3320 keri
353 3282 383 3340 p.
408 3263 481 3330 (ΗΒ,
498 3270 535 3328 ah
561 3285 599 3318 :a
623 3258 824 3338 ἀποσκολώ[αι,
839 3285 851 3308 ν
877 3259 983 3337 ἀφελεῖν
1004 3277 1035 3314 το

269 3349 363 3430 δέρμα·
374 3349 391 3417 ἢ
407 3351 605 3428 ἀπογυμνῶσαι.
621 3349 758 3428 Σοροκλῆς
768 3344 796 3403 δέ
809 3345 839 3402 τὸ
850 3371 863 3394 ν
872 3345 1035 3403 deonotus„

268 3439 294 3494 ἐν
321 3438 459 3517 Μενελάῳ.
487 3438 567 3495 Idem
591 3441 751 3494 Grauunat.
771 3434 891 3492 Belleri
913 3453 943 3510 p.
967 3435 1035 3501 446,

273 3521 444 3609 12:17251·
460 3525 563 3605 ἀρπην,
581 3554 592 3576 ν
607 3524 745 3604 δρέπανον.
762 3525 829 3601 Σορ.
845 3519 941 3602 Μώμῳ
957 3521 1034 3599 [eud.

267 3613 366 3694 νόμῳ)
393 3617 536 3694 σατυρικῷ.
559 3613 772 3672 Choerohoscus
802 3611 888 3668 Bella.
924 3609 1034 3669 Anerd.

269 3725 299 3781 p.
319 3707 392 3772 atus
406 3703 456 3761 ιτδ
474 3731 484 3752 ·
501 3701 547 3761 σδν
571 3703 641 3784 δόρει
664 3699 710 3760 σὺν
725 3701 835 3770 ἀσπίδι,
849 3727 861 3749 ι
885 3697 949 3777 ὅπερ
966 3697 1035 3778 Ἀρι-

271 3791 406 3871 στοράνῆς
423 3789 599 3870 παρεμραίνει
612 3792 639 3848 έν
653 3788 754 3868 Εἰρήνῃ
766 3790 803 3864 [ι’.
814 3787 883 3862 357)
897 3788 923 3845 ἐν
941 3784 1038 3866 Μώμῳ

193 3897 199 3914 ·
271 3877 435 3958 Σοροκλέους
458 3877 628 3957 προκείμενον
653 3879 689 3941 ώς
709 3876 762 3934 ἀπὸ
785 3879 831 3933 τοῦ
855 3873 927 3953 δόρος
956 3873 1036 3933 ἐστίν.

269 3967 356 4043 Apud
367 3965 550 4024 scholiastam
562 3964 764 4042 Aristophanis
778 3983 876 4020 versus
888 3974 982 4020 exstat
996 3962 1037 4018 iu·

271 4069 349 4132 teger
362 4074 538 4132 ιμιιιιιιιμιαιιι
550 4073 584 4112 ea
597 4053 696 4113 Achaei
708 4049 804 4130 Μώμῳ
817 4052 935 4108 citatus:

270 4179 353 4262 [tto]
370 4167 452 4272 Ᾰρτς
468 4159 614 4274 dhaes-iq
629 4184 682 4248 chr
696 4174 777 4274 δόρει
795 4182 846 4246 σὺν
863 4171 982 4246 ἀσπίδι.

580 4332 737 4354 unm·-

520 4414 788 4476 otourstscus.

309 4542 357 4598 Bis
376 4537 546 4605 dissociasti<
559 4537 712 4616 Sophoclis
725 4558 743 4596 a
755 4540 947 4615 grammaticis
961 4559 1040 4597 conr·

1074 1193 1186 1246 versus,
1203 1196 1277 1253 qrros
1298 1180 1425 1237 servarit
1446 1184 1648 1257 grammaticus
1666 1184 1741 1261 apud
1764 1186 1836 1243 Bels-

1073 1262 1173 1320 kerom
1189 1284 1217 1342 p.
1234 1267 1302 1341 385,
1323 1268 1376 1326 18:
1390 1267 1503 1328 Ἀλυπον
1519 1268 1593 1339 ἄνθος
1615 1272 1703 1341 ἀνίας,
1720 1273 1743 1329 sl
1757 1272 1838 1339 θέλοις

1074 1351 1156 1411 εἰπεῖν
1166 1350 1210 1409 έπί
1219 1376 1287 1419 τινος
1299 1356 1454 1436 πράγματος
1463 1358 1477 1416 θ
1485 1356 1569 1429 λύπης
1579 1358 1748 1427 ἀπαλλάττει,
1760 1360 1839 1429 οὕτως

1074 1433 1106 1493 θν
1117 1438 1243 1516 χρήσαιο,
1258 1444 1293 1507 h<
1309 1443 1353 1500 καὶ
1370 1446 1507 1523 Σοροκλῆς
1520 1446 1546 1501 έν
1558 1449 1595 1525 τῷ
1614 1450 1777 1523 Διονυσιακῷ
1790 1470 1839 1504 σα-

1074 1531 1172 1606 τυρικῷ
1192 1530 1234 1587 ἐπὶ
1252 1528 1322 1591 οἴνου
1340 1536 1444 1611 πρῶτον
1464 1533 1632 1610 γευσαμένων
1647 1538 1698 1591 τῶν
1713 1534 1780 1593 κατδι
1796 1536 1839 1593 τὸν

1074 1614 1152 1694 γορδν
1168 1618 1302 1698 σατύρων·

1181 1749 1263 1827 [727]
1291 1746 1386 1813 Πόθεν
1404 1754 1473 1815 ποτ’
1490 1746 1606 1815 ἄλυπον
1623 1742 1683 1815 ὧδε

1290 1850 1372 1946 εὖρον
1390 1850 1477 1932 ἀνθος
1491 1854 1575 1933 ἀνίας
1588 1884 1596 1939 3

1075 1966 1160 2026 Ὀλον
1185 1969 1212 2027 δὲ
1232 1969 1262 2028 τδ
1277 1972 1414 2051 μελύδριον
1424 1973 1557 2032 πολιτικὸν
1578 1974 1644 2049 ἄγαν
1659 1974 1757 2051 γέγονε·
1776 1974 1842 2051 μετὰ

1076 2078 1126 2135 γαρ
1143 2059 1191 2127 τῆς
1203 2056 1286 2129 ἄλλης
1309 2060 1444 2137 ἐναργείας
1463 2062 1607 2137 λελυμένην
1622 2060 1677 2141 ἔχει
1695 2060 1742 2133 τῆν
1757 2064 1844 2138 ἑρμη-

1077 2236 1125 2303 τῆς
1138 2234 1278 2312 ίρμηνείας
1292 2236 1432 2316 ἁρμόττειν
1452 2247 1505 2304 ταῖς
1523 2238 1637 2315 νοήμασι
1653 2236 1698 2295 καὶ
1714 2238 1751 2316 μὴ
1768 2238 1843 2319 σρίγ-

1077 2346 1132 2399 γειν
1149 2347 1176 2381 ιι.
1190 2347 1214 2383 τ.
1227 2327 1253 2385 λ.
1265 2328 1349 2385 Haud
1360 2328 1495 2387 dissimile
1507 2342 1549 2387 est
1562 2329 1639 2387 aliud
1655 2331 1844 2407 fragmentum

1078 2413 1156 2491 apud
1186 2414 1362 2489 Hesychium
1381 2418 1482 2497 :[728]
1496 2446 1507 2469 a
1523 2417 1632 2498 θωχθείς
1647 2445 1676 2490 ν,
1689 2417 1845 2499 θωρηχθείς,

1080 2500 1225 2577 μεθυσθείς.
1242 2504 1308 2581 Σοῳ.
1322 2509 1495 2587 Διονυσιακῷ.

1380 2645 1440 2661 -Ο
1443 2642 1539 2665 00000

1356 2732 1571 2792 leZ'l'llPliE.

1120 2858 1230 2911 Drama
1246 2853 1326 2931 quod
1341 2856 1481 2935 Ζωστῆρος
1495 2857 1667 2934 inscriptum
1689 2858 1746 2916 suit
1762 2858 1846 2916 semel

1081 2942 1283 3001 tantummodo
1309 2958 1553 3003 commemoratur
1576 2966 1593 3003 a
1619 2946 1736 3005 Polluce
1762 2946 1848 3023 idque

1082 3031 1131 3089 tali
1149 3030 1247 3099 modo,
1265 3042 1296 3087 ut
1316 3031 1387 3089 nihil
1409 3032 1445 3089 de
1466 3046 1636 3110 argumento
1652 3035 1765 3112 assequi
1779 3054 1849 3091 con-

1083 3299 1249 3359 Welcherus
1274 3310 1386 3363 autem.
1413 3319 1471 3376 qua
1493 3311 1537 3356 est
1560 3299 1589 3356 in
1612 3299 1699 3357 rebus
1728 3301 1850 3358 investi-

1083 3388 1186 3466 gandis
1198 3387 1352 3463 sagacitate
1370 3400 1397 3444 et
1415 3389 1443 3444 iu
1459 3388 1669 3465 componendis
1683 3389 1849 3461 subtilitate,

1083 3487 1285 3554 :argumentum
1302 3498 1338 3534 ex
1356 3478 1490 3535 Herculis
1512 3478 1630 3536 historia
1644 3493 1769 3536 sumtum
1788 3501 1850 3539 esse

1083 3567 1241 3644 perspexit.
1268 3568 1439 3624 Prororarit
1460 3565 1496 3624 ad
1520 3565 1711 3646 fragmentum
1734 3569 1850 3628 Pindari

1084 3656 1113 3712 in
1126 3655 1216 3714 schol.
1240 3655 1340 3732 Eurip.
1359 3655 1498 3712 Andrum.
1524 3659 1598 3731 798:
1613 3659 1649 3715 Oi
1664 3655 1711 3732 μὲν
1732 3657 1850 3715 πλεῖστοι

1083 3741 1235 3817 Τελαμῶνά
1256 3763 1320 3822 φασι
1339 3749 1530 3820 συστρατεῦσαι
1550 3746 1588 3821 τῷ
1604 3743 1731 3822 Ἡρακλεῖ
1749 3746 1784 3810 εἰς
1803 3744 1851 3815 τὴν

1084 3827 1180 3899 Ἱλιον,
1197 3835 1211 3887 ὁ
1225 3829 1251 3887 δέ
1267 3831 1397 3908 Πίνδαρος
1412 3828 1457 3886 καί
1474 3828 1581 3903 Ιίηλέα,
1599 3833 1663 3910 παρ’
1677 3823 1706 3888 oi
1719 3829 1786 3888 ἔοικε
1803 3829 1851 3902 τῆν

1084 3921 1202 3999 ἱστορίαν
1217 3922 1231 3977 θ
1251 3919 1395 3997 Εὐριπίδης
1408 3918 1509 3976 λαόεῑν.
1524 3917 1603 3995 Λέγει
1621 3917 1672 3998 γάρ
1684 3925 1698 3979 ὁ
1708 3920 1852 4002 Πίνδαρος·

1085 4009 1125 4067 Οὖ
1147 4004 1259 4076 Πηλέως
1280 4003 1399 4064 ἀντιθέου
1423 4011 1533 4086 μόχθοιν
1557 4007 1685 4065 νεώτατον
1703 4009 1853 4088 ἐπιλάμθγαι

1085 4096 1195 4176 μυρίοις.
1211 4095 1323 4171 Πρῶτον
1339 4093 1386 4169 μέν
1403 4093 1549 4170 Ἀλκμήνης
1567 4093 1613 4152 σὺν
1625 4097 1674 4154 oiri]
1688 4095 1788 4176 Τρώων
1801 4099 1853 4172 ἀμ-

1059 4257 1065 4274 ,
1085 4182 1182 4242 πέδιλα
1196 4185 1241 4242 καὶ
1256 4181 1323 4260 perh
1342 4185 1477 4262 ζωστῆρας
1498 4181 1641 4259 Ἀμαζόνας
1656 4159 1728 4256 ῆλθε.
1743 4184 1854 4242 Deinde

1086 4272 1253 4348 Epicharmi
1266 4291 1398 4340 carmen,
1413 4271 1493 4348 quod
1507 4272 1679 4350 inscriptum
1693 4285 1754 4330 erat
1768 4271 1854 4352 Ἱέρα-

1086 4361 1152 4430 κλῆς
1169 4363 1183 4418 ὁ
1198 4361 1242 4418 ἐπὶ
1257 4361 1301 4418 τὸν
1320 4362 1457 4440 ζωστῆρα,
1474 4359 1510 4416 ad
1523 4360 1723 4418 stabiliendam
1737 4375 1853 4418 senteu-

1088 4450 1156 4508 tiam
1170 4464 1320 4508 memorat.

1126 4543 1199 4610 Quae
1210 4559 1299 4618 (rtrum
1313 4541 1353 4598 ita
1370 4541 1436 4609 sint,
1455 4553 1549 4599 tsuren
1570 4542 1659 4599 multa
1678 4539 1855 4600 obscuritate

273 4639 472 4694 ιοααιοναιιιτς
495 4627 583 4684 semel
615 4626 742 4684 fabulam
772 4628 925 4703 satyricam
953 4627 1040 4685 luisse
1087 4627 1235 4685 Welckeri
1257 4627 1402 4685 sententia
1421 4627 1515 4685 obsita
1534 4644 1585 4686 est.
1605 4629 1706 4687 Pollux
1724 4631 1799 4686 enim
1815 4631 1854 4688 ita

271 4717 404 4773 additum
426 4729 480 4772 cst.
503 4721 644 4773 Praeterea
666 4715 724 4773 hec
742 4717 887 4793 posterior
914 4735 1041 4774 comme·
1088 4715 1205 4792 scripsit
1217 4719 1280 4786 Vll,
1295 4711 1430 4772 68:⁰0rs
1442 4717 1488 4784 τῆς
1503 4714 1642 4791 Ἀμαζόνος
1654 4715 1855 4796 Ζωστὴρκαὶή

273 4803 400 4860 motatio
422 4815 465 4859 est
492 4802 651 4878 ejusmodi,
678 4815 710 4860 ut
730 4803 809 4879 (guod
839 4817 1040 4880 argumentum
1089 4805 1115 4861 ἐν
1139 4811 1196 4868 ταῖς
1220 4801 1384 4885 Σοφοκλέους
1409 4805 1566 4882 Ζωστῆρσιν
1592 4803 1749 4882 ἀπιζώστρα.
1777 4803 1856 4880 Λέγει

273 4890 373 4967 luerit,
387 4888 516 4948 dubitari
529 4911 586 4948 nou
603 4892 704 4968 possit.
718 4891 814 4967 Satyri
828 4893 905 4948 enirn
925 4903 1042 4968 gustant
1089 4895 1152 4968 γοῦν
1171 4892 1265 4970 [729]
1276 4920 1287 4940 ι
1301 4887 1434 4970 Ἔχοντες
1457 4890 1583 4959 εὐζώνους
1606 4890 1721 4950 ἕστασαν
1742 4889 1856 4968 ἱματίων

273 4981 373 5036 virium
403 4983 619 5056 miranturque,
648 4977 723 5036 arride
751 4992 808 5036 tarn
833 4978 927 5036 dulcis
959 4979 1041 5056 potio
1090 4979 1288 5058 ἑπιζώστρας.ι
1304 4987 1339 5037 At
1359 4979 1442 5038 docet
1465 4981 1546 5038 locus
1568 4981 1692 5038 Pollucis
1712 4981 1857 5058 Ζωστῆρος

273 5081 369 5125 sumta
383 5071 438 5140 sit,
453 5088 518 5146 quse
536 5068 653 5124 dolores
666 5066 773 5144 abigat.
793 5067 939 5126 Videntur
953 5069 1043 5146 igitur
1090 5068 1228 5146 distingui
1250 5067 1287 5125 ah
1312 5067 1525 5140 Amazonibus;
1548 5069 1652 5126 deinde
1672 5059 1756 5126 laeile
1778 5079 1857 5145 patet

272 5161 374 5214 omnia
386 5176 450 5214 esse
465 5177 480 5212 a
500 5168 586 5234 poeta
600 5157 742 5233 exposita,
757 5175 823 5232 que
841 5177 906 5214 cum
923 5158 1042 5214 invento
1091 5178 1150 5215 non
1168 5179 1253 5234 posse
1267 5165 1427 5216 Amazones
1445 5157 1567 5234 iutelligi
1590 5177 1655 5234 qua
1672 5158 1773 5214 cinctae
1794 5157 1855 5214 lue·

557 5270 618 5278 0--

627 5359 688 5408 722.

354 5557 360 5564 ἢ
381 5477 457 5533 lars
468 5475 539 5532 latro
550 5491 615 5532 eoru
629 5475 706 5532 hasta
719 5490 783 5532 earu
793 5483 884 5532 scoto.

1179 5395 1262 5454 Unde
1274 5413 1394 5468 unquam
1407 5325 1512 5452 doldrls
1523 5405 1660 5470 expertem
1674 5396 1744 5452 adca

1180 5477 1264 5550 reperi
1279 5477 1372 5532 liorem
1387 5477 1521 5532 tristitias?

1712 5585 1750 5630 2θ.
