4567 6425
468 664 523 715 338

467 783 586 861 Reliqua
604 785 763 861 fragmenta
781 795 848 840 sunt
869 783 976 840 ineerta
998 778 1111 850 omnia,
1132 796 1226 854 neque

465 873 616 948 quisquam
630 872 712 930 lacile
729 870 915 937 divinaverit,
928 868 998 947 quid
1013 870 1050 925 sit
1065 866 1136 925 illud
1147 864 1228 943 apud

466 962 661 1037 Romechium,
676 961 758 1037 [483]
771 987 782 1010 ι
793 957 950 1030 intendore,
963 984 975 1008 ν
987 954 1155 1023 inaudierat.
1171 956 1226 1013 Σο·

465 1049 563 1125 φοκλῆς
578 1048 659 1119 Ἀτρει
674 1048 692 1118 ἢ
705 1047 840 1116 Μυκήναις
851 1041 1029 1125 [Μυκηναὶαις
1040 1043 1109 1121 Br.],
1118 1041 1162 1101 ἐπὶ
1174 1042 1226 1099 τῶν

465 1142 518 1200 τοῖς
528 1135 607 1201 λίνοις
623 1134 822 1213 λαμὸανόντων.

772 1282 928 1306 ...omo-—

561 1414 565 1423 ,
630 1371 829 1431 THYESTES
850 1369 1059 1431 stctortttJS.

505 1491 548 1543 De
562 1488 688 1561 Thyeste
700 1486 830 1564 Hyginus
844 1485 911 1567 Fab.
926 1486 979 1542 88:
994 1485 1156 1561 «Thyestes
1168 1503 1229 1541 sce-

466 1577 525 1633 lere
540 1578 649 1633 richario
662 1578 778 1653 cognito
788 1576 916 1653 profugit
927 1576 963 1633 ad
979 1594 1072 1651 regern
1085 1574 1229 1650 Thespro-

468 1677 537 1721 tum.
551 1698 584 1707 -·
601 1664 671 1722 lnde
684 1666 835 1740 Sicyonem
851 1664 987 1741 pertenit,
1001 1662 1052 1721 ubi
1068 1676 1129 1720 erat
1141 1662 1228 1720 Pelo-

468 1756 514 1829 pia
527 1753 582 1809 utta
596 1753 730 1829 Thyestis
744 1753 884 1831 deposita.
899 1751 945 1810 Ibi
961 1772 1027 1809 casu
1040 1763 1124 1808 nocte
1138 1770 1227 1827 quum

467 1843 604 1901 Minervae
618 1842 806 1911 sacrificaret,
822 1842 992 1911 intervenit;
1010 1841 1060 1915 qni
1075 1839 1178 1897 timens
1192 1858 1229 1897 ne

465 1928 544 1987 sacra
559 1930 775 1999 contaminaret,
785 1930 815 1987 in
831 1928 895 1987 luco
909 1928 1034 1987 delituit.
1047 1928 1163 2004 Pelopia
1176 1946 1228 1983 au-

466 2032 522 2075 tem
532 2038 620 2094 qtttttn
632 2018 751 2075 choreas
764 2017 856 2086 ducit,
868 2018 948 2093 lapsa
960 2029 1068 2074 vestem
1078 2036 1114 2073 ex
1125 2034 1228 2072 cruore

469 2106 586 2183 pecudis
604 2108 774 2183 inquinavit.
798 2110 869 2179 Qnae
889 2104 956 2163 dum
978 2104 1015 2162 ad
1038 2106 1145 2163 fluuien
1168 2104 1227 2160 exit

465 2195 631 2272 sanguinem
648 2194 785 2265 abluere,
803 2194 927 2251 tunicam
947 2194 1119 2251 maculatam
1137 2191 1228 2267 depo·

466 2283 526 2352 nit,
541 2283 635 2359 capite
655 2281 783 2340 obducto
798 2282 939 2356 Thyestes
954 2302 970 2337 e
985 2282 1052 2339 luco
1074 2280 1227 2359 prosilivit.

465 2377 550 2427 Atra
565 2370 781 2445 compressione
797 2369 923 2445 gladium
940 2368 976 2426 de
999 2368 1103 2445 vagina
1125 2367 1152 2424 ei
1173 2386 1226 2423 et-

467 2456 554 2515 traxit
571 2456 686 2529 Pelopia
698 2470 727 2514 et
744 2456 856 2515 rediens
869 2459 898 2513 in
913 2455 1053 2533 templum
1073 2452 1126 2511 sub
1143 2472 1227 2513 nero-

467 2544 556 2621 podio
581 2545 717 2602 lllirurrae
748 2545 909 2604 abscondit.
933 2550 1051 2601 Postero
1076 2540 1124 2599 die
1147 2553 1229 2617 rogat

465 2652 560 2711 regem
573 2632 720 2709 Thyestes,
733 2648 765 2692 ut
778 2654 808 2693 se
820 2635 850 2692 in
865 2634 987 2711 patriam
999 2631 1120 2707 Lydiam
1132 2630 1228 2687 remit-

466 2734 549 2781 teret.
564 2723 683 2781 Interim
702 2724 836 2781 sterilitas
853 2722 980 2798 Mycenis
994 2721 1107 2799 frugum
1128 2740 1161 2775 ac
1177 2740 1228 2796 pe

467 2812 546 2882 nuria
560 2811 653 2868 oritur
667 2809 707 2869 ob
718 2813 799 2870 Atrei
812 2811 913 2869 scelus.
929 2810 975 2869 lbi
987 2828 1160 2885 responsum
1174 2819 1227 2882 est,

467 2912 498 2958 nt
509 2899 662 2975 Thyestem
670 2900 702 2958 in
713 2920 834 2978 regnum
847 2899 1007 2958 reduceret.
1016 2897 1075 2970 Qui
1086 2916 1176 2974 quum
1190 2896 1225 2952 ιιιΙ

435 3048 442 3061 ‚
465 2988 658 3064 Thesprotum
673 3008 767 3064 regem
782 2988 858 3055 isset,
871 2987 1013 3045 aestimans
1024 2984 1175 3061 Thyestem
1187 2982 1226 3041 ibi

466 3074 582 3144 anu-ari,
593 3074 737 3151 Pelopiam
748 3074 861 3151 aspexit
870 3087 899 3131 et
907 3086 988 3151 rogat
996 3072 1187 3149 Thesprotum
1197 3083 1228 3128 ut

465 3160 521 3219 sibi
536 3162 684 3240 Pelopiam
697 3162 724 3219 in
737 3161 900 3240 conjuginm
917 3162 1008 3230 daret,
1020 3157 1099 3236 quod
1112 3170 1228 3238 putaret

465 3269 526 3307 eam
539 3250 697 3328 'l‘hesproti
719 3271 782 3309 esse
798 3251 895 3308 liliam.
909 3250 1098 3327 'l'besprotns,
1116 3269 1153 3305 ne
1170 3269 1226 3325 qua

465 3339 591 3416 suspicio
602 3350 695 3410 esset,
709 3337 757 3396 dat
776 3340 803 3396 ei
815 3338 980 3415 Pelopiam,
1002 3356 1067 3413 quae
1082 3336 1141 3414 jam
1156 3357 1227 3394 con-

465 3440 582 3504 ceptum
605 3446 639 3483 ex
660 3439 742 3503 patre
764 3427 887 3502 Thyeste
907 3425 1034 3483 habebat
1055 3425 1225 3503 AEgisthum.

465 3519 537 3587 Qnae
547 3533 637 3592 quum
647 3513 684 3572 ad
696 3519 813 3572 Atreum
826 3515 959 3582 venisset,
969 3514 1046 3591 parit
1055 3514 1226 3592 AEgisthum,

464 3622 548 3679 quem
558 3603 702 3681 exposuit.
714 3609 752 3661 At
761 3615 891 3679 pastores
900 3622 992 3680 capra
1001 3617 1226 3680 supposuerunt,

462 3711 547 3766 quem
563 3698 668 3750 Atreus
680 3691 765 3768 jussit
780 3689 907 3768 perquiri
925 3703 955 3748 et
967 3711 1021 3768 pro
1032 3710 1086 3747 suo
1097 3690 1224 3749 educari.

463 3780 579 3837 luterim
593 3783 696 3836 Atreus
717 3779 805 3837 mittit
823 3785 1064 3853 Agamemnonem
1085 3783 1223 3836 ctMene-

463 3870 537 3925 Ιιιιιιιι
553 3869 624 3925 lilios
642 3869 676 3925 ad
695 3867 883 3944 quaerendum
902 3868 1076 3943 Thyestem,
1094 3868 1143 3944 qni
1159 3868 1225 3926 uet-

464 3957 537 4032 phus
560 3957 707 4034 petierunt
727 3956 910 4013 sciscitatum.
925 3960 999 4016 Casu
1026 3954 1167 4030 Thyestes
1188 3975 1223 4012 eo

463 4056 579 4102 venerat
596 4044 632 4100 ad
650 4055 742 4102 sortes
761 4044 903 4102 tollendas
927 4044 963 4102 de
988 4043 1096 4102 ultione
1117 4044 1223 4102 fratris.

463 4131 694 4210 Comprehensos
715 4131 752 4190 ab
774 4133 815 4190 eis
837 4132 874 4190 ad
893 4133 1014 4192 Atreum
1041 4130 1223 4210 perducitur,

462 4239 547 4294 quem
564 4228 669 4276 Atreus
689 4220 719 4276 in
740 4219 899 4276 custodiam
919 4219 1023 4296 conjici
1043 4219 1128 4296 jussit
1141 4222 1222 4298 AEgi-

462 4306 615 4384 stlmmque
635 4321 720 4364 vocat
740 4308 882 4364 aestimans
903 4327 986 4365 sunm
1010 4307 1100 4365 lilium
1119 4329 1180 4366 esse
1193 4323 1222 4368 et

463 4395 662 4453 mittitennrad
671 4396 825 4471 Thyestem
833 4396 1073 4455 interficiendum.
1083 4399 1222 4474 Thyestes

462 4502 551 4559 quum
561 4483 849 4560 vidissetAEgisthutn
861 4497 891 4543 et
897 4467 1034 4563 gladium,
1044 4506 1129 4562 quem
1139 4488 1222 4563 AEgi-

461 4573 542 4628 sthns
563 4570 699 4648 gerebat,
719 4573 1013 4651 cognovisset,quem
1026 4575 1056 4632 in
1073 4594 1222 4654 compres-

462 4660 542 4718 sione
563 4657 747 4737 perdiderat,
766 4660 923 4737 interrogat
946 4663 1124 4738 AEgisthum,
1146 4665 1221 4722 unde

460 4748 540 4806 illum
553 4748 681 4806 liaberet.
695 4751 748 4807 llle
761 4751 909 4827 respondit
928 4765 1047 4810 matrem
1063 4751 1117 4810 sibi
1132 4755 1220 4814 Peto

460 4838 537 4914 piam
557 4835 688 4909 dedisse,
705 4858 792 4914 quam
807 4837 892 4914 jubet
911 4841 1088 4900 accersicni
1106 4861 1222 4919 respon·

462 4924 504 4981 ‹lit
527 4943 557 4980 se
582 4926 611 4981 io
637 4927 852 5003 compressione
880 4939 1021 4984 nocturna
1051 4929 1149 4985 nescio
1174 4929 1219 4986 etti

460 5012 592 5070 reluxisse
604 5024 633 5070 et
645 5036 681 5072 ex
697 5036 729 5072 ca
741 5015 955 5093 eorrrpressionc
970 5016 1130 5093 AEgistltum
1148 5037 1220 5075 con-

460 5099 577 5176 cepisse.
586 5104 666 5158 Tnuc
680 5103 798 5180 Pelopia
813 5103 939 5181 gladium
951 5105 1074 5182 arripnit
1083 5105 1219 5164 simulans

460 5207 491 5244 se
502 5207 655 5260 agnuscere
674 5203 703 5246 et
717 5192 745 5247 in
769 5205 870 5270 pectus
892 5193 947 5250 sibi
970 5193 1102 5252 detrusit.
1123 5199 1218 5266 Quem

459 5274 634 5351 AEgisthuse
649 5294 765 5354 pectore
779 5283 877 5339 matris
896 5294 1047 5339 cruentum
1061 5295 1161 5341 tenens
1182 5283 1219 5342 ad

459 5369 579 5421 Atreum
596 5366 701 5423 attulit.
710 5367 762 5424 Ille
775 5371 917 5426 aestimans
934 5371 1089 5446 Thyestem
1101 5372 1219 5430 interse-

459 5464 538 5512 ctum
550 5451 701 5509 laetabatur
732 5475 817 5530 quern
833 5457 976 5534 AEgistlnts
988 5460 1017 5516 in
1035 5459 1120 5518 litore
1134 5463 1220 5520 saeri-

1014 648 1223 712 sorttuctts
1245 648 1495 709 FRAGMENTA.

1280 776 1410 835 ficantem
1419 778 1524 837 occidit
1538 792 1643 838 etcum
1656 794 1739 859 patre
1746 782 1870 859 Thyeste
1880 784 1907 840 in
1918 802 2020 859 regiano

1279 880 1388 924 avitum
1412 868 1524 927 redit.»
1549 869 1646 929 Schol.
1672 871 1744 931 Stat.
1772 870 1863 928 Theb.
1881 876 1940 945 tt,
1957 876 2020 941 loy:

1279 958 1363 1013 tuoe
1381 970 1475 1013 motus
1491 957 1592 1016 dolore
1604 959 1745 1034 Thyestes
1758 979 1848 1036 quum
1860 960 1981 1017 consulta
1993 962 2021 1015 de
2074 1018 2075 1027 ,

1280 1042 1402 1101 oraculis
1418 1059 1564 1119 posceret,
1582 1067 1752 1124 responsum
1765 1060 1827 1119 est,
1850 1066 1904 1125 per
1919 1068 1977 1105 enm
1990 1048 2020 1103 illi
2074 1068 2075 1071 ¹

1280 1142 1387 1188 certam
1404 1152 1487 1208 posse
1509 1137 1607 1191 vertice
1621 1135 1794 1208 uindictam,
1811 1140 1863 1213 qui
1878 1154 1912 1195 ex
1936 1137 2020 1213 ipson

1281 1219 1398 1296 Pelopia
1413 1221 1468 1279 lilia
1487 1242 1538 1280 sua
1553 1235 1637 1281 natus
1653 1226 1759 1283 luisset.
1776 1225 1860 1283 Unde
1883 1225 1957 1282 illico
1972 1226 2020 1279 [dir

1281 1307 1443 1383 amplexum
1460 1310 1572 1380 invasit,
1590 1332 1626 1369 ex
1639 1334 1694 1391 qua
1711 1326 1793 1371 natus
1807 1325 1850 1370 est
1865 1332 1944 1388 puer,
1953 1332 2020 1387 quem

1188 1416 1196 1435 ·
1281 1396 1328 1452 illa
1341 1396 1370 1453 in
1382 1398 1467 1455 silvas
1479 1416 1601 1477 propter
1615 1402 1818 1459 conscientiam
1832 1400 1945 1477 abjecit.
1957 1428 1966 1449 ·
1978 1402 2021 1457 [tio

1281 1481 1429 1559 Chrysost.
1445 1506 1473 1562 p.
1489 1492 1565 1562 349:
1583 1488 1636 1548 Kal
1651 1486 1785 1561 κατεκόπη
1802 1488 1849 1567 μὲν
1860 1486 1893 1544 el
1905 1486 2021 1548 eatam.

1282 1572 1313 1647 τῇ
1336 1571 1457 1651 Πελοπίᾳ
1478 1572 1505 1631 δὲ
1524 1578 1538 1632 d
1554 1574 1642 1655 πατὴρ
1666 1575 1763 1655 ἐμίχθη
1783 1574 1828 1633 καὶ
1851 1574 1895 1633 τὸν
1919 1576 2021 1649 Aipeia

1281 1654 1414 1739 ἔσπειρεν·
1428 1654 1538 1728 abscedi
1552 1662 1689 1722 ἀπέκτεινε
1711 1665 1759 1741 μὲν
1771 1666 1841 1739 μετὰ
1860 1666 1904 1733 τῆς
1922 1664 2021 1722 liiutn-

1282 1747 1414 1829 μνήστρας
1425 1748 1470 1809 τὸν
1481 1750 1662 1829 Ἀγαμέμνονα
1673 1752 1717 1812 τὸν
1729 1750 1844 1829 ποιμένι
1852 1754 1903 1809 τῶν
1916 1750 2020 1827 Ἀχαιῶν.

1321 1838 1427 1914 Hygini
1441 1840 1535 1899 verbis
1548 1843 1721 1919 Lessiogius‚
1735 1843 1904 1911 Brnockius,
1915 1842 1959 1897 alii
1967 1840 2021 1895 ‹lua-

1281 1942 1345 1981 rum
1367 1930 1567 2005 tragoediarnm
1581 1931 1740 2007 fragmenta
1758 1930 1901 1988 contineri
1918 1928 2021 1985 arliae·
2075 1948 2076 1951 ¹

1281 2010 1396 2087 bantur,
1408 2037 1501 2095 neque
1512 2016 1703 2077 dubitandum
1714 2031 1757 2077 est
1768 2019 1841 2096 quin
1852 2030 1909 2075 tota
1916 2018 2021 2074 narratio

1281 2120 1317 2157 ex
1335 2102 1447 2163 duabus
1468 2105 1600 2183 partibus
1618 2108 1690 2165 male
1710 2107 1907 2165 consarcinata
1921 2124 1975 2161 esse
1989 2122 2020 2157 u·

1281 2188 1392 2249 deatur.
1415 2199 1515 2271 Itaque
1533 2216 1622 2271 quum
1636 2196 1777 2272 Thyestes
1788 2194 1937 2271 Sicyonius
1952 2191 1987 2247 rel
2000 2193 2020 2245 ιι

1284 2277 1399 2337 Σικυῶνι
1412 2283 1525 2353 citatio,
1543 2304 1596 2360 pro
1610 2296 1691 2342 certo
1702 2282 1866 2341 habuerunt
1877 2281 2020 2353 aliumque

1281 2384 1337 2442 que
1350 2369 1505 2445 Thyestem
1518 2372 1622 2445 luisse,
1636 2374 1722 2450 quisi
1735 2390 1795 2429 non
1812 2370 1960 2446 inscriptus
1970 2368 2018 2422 lue

1280 2455 1318 2511 rit
1329 2460 1510 2533 Mycenaeus,
1530 2470 1624 2519 tamen
1637 2461 1676 2519 ita
1689 2482 1704 2517 a
1718 2472 1804 2539 poeta
1820 2460 1903 2517 luerit
1918 2476 2019 2533 compe

1280 2542 1370 2615 situs,
1387 2557 1419 2603 ut
1433 2567 1496 2622 quae
1510 2548 1637 2623 Mycenis
1652 2560 1728 2625 gesta
1744 2562 1855 2617 essent,
1872 2548 2018 2603 contineret.

1280 2634 1344 2702 Qua
1355 2633 1390 2691 de
1404 2654 1436 2691 re
1447 2637 1615 2693 Welclterus
1631 2637 1715 2695 valde
1727 2656 1758 2693 sc
1770 2636 1904 2693 dubitare
1914 2634 1958 2691 ait.
1970 2637 2017 2685 t'o

1280 2740 1340 2778 cem
1357 2723 1433 2780 enirn
1446 2724 1589 2789 Σικυώνιος
1609 2724 1678 2783 addi
1693 2726 1824 2803 potuisse
1842 2736 1947 2792 censet,
1962 2722 2017 2796 qun
2076 2754 2077 2757 =

1279 2808 1362 2865 etiam
1373 2807 1474 2891 Ἀτρεὺς
1483 2812 1510 2868 ἐν
1517 2810 1655 2882 Μυκήναις
1665 2832 1701 2869 ex
1710 2812 1838 2889 Thyeste
1846 2810 1968 2886 Sicyonio
1978 2830 2017 2861 ro

1279 2896 1337 2953 cari
1353 2900 1489 2975 potuerit,
1503 2913 1534 2957 ut
1546 2900 1601 2958 alia
1612 2901 1751 2979 tragoedia
1760 2906 1907 2969 exTereu,
1918 2898 1942 2955 irl
1953 2896 2017 2973 quod

1279 2984 1364 3041 etiam
1384 3006 1399 3041 a
1420 2990 1614 3063 gratumaticis
1635 2989 1741 3046 lactrnu
1763 2991 1809 3047 sit.
1832 2993 1922 3065 Negat
1938 3002 2015 3042 auten

1279 3092 1343 3149 quae
1354 3074 1411 3131 sint
1423 3075 1451 3131 in
1465 3076 1593 3151 Thyeste
1605 3077 1742 3153 Sicyonio
1759 3078 1903 3155 exposita,
1914 3076 2015 3149 Sicyone

1280 3161 1324 3233 agi
1335 3202 1342 3230 ,
1355 3162 1421 3238 qnia
1433 3182 1498 3242 qum
1508 3178 1587 3242 gesta
1600 3166 1725 3242 Sicyone
1742 3178 1910 3236 narrentur,
1929 3163 2014 3238 tragica

1279 3251 1416 3326 gravitate
1438 3251 1573 3311 destituta
1595 3255 1661 3311 sint.
1682 3254 1787 3313 Omnia
1809 3255 1894 3332 igitur
1912 3249 2015 3326 Mycenis

1278 3350 1343 3396 acta
1362 3351 1441 3398 ratus
1465 3341 1577 3400 nullum
1600 3337 1683 3401 alteri
1702 3341 1824 3417 Thyesti
1842 3350 2013 3420 argumentum

1278 3426 1402 3504 relinqui
1421 3429 1478 3498 ait,
1502 3429 1626 3507 ideoque
1647 3429 1787 3488 credibile
1812 3429 1899 3488 rideri
1912 3425 2011 3486 Θιέπιν

1278 3513 1395 3596 δεύτερον
1416 3517 1570 3575 secundam
1590 3537 1652 3576 esse
1670 3520 1869 3576 recensionem
1884 3513 2011 3592 agelio.

1277 3706 1390 3766 censet,
1400 3695 1469 3770 quia
1481 3697 1637 3754 necessitas
1651 3696 1771 3754 ultionis
1784 3717 1849 3754 cum
1869 3691 2011 3752 sacerdotali

1277 3783 1461 3840 oraculorum
1489 3785 1618 3860 potentia
1639 3785 1854 3862 corrjungatur‚
1872 3803 1923 3860 qua
1946 3779 1971 3836 in
1986 3797 2012 3832 re

1278 3883 1413 3948 tanquam
1442 3871 1629 3931 fundamento
1655 3873 1705 3950 jus
1729 3879 1894 3931 tlrrecorom
1914 3869 2008 3926 nitatur.

1277 3959 1356 4016 Piliis
1372 3959 1506 4036 Thyestis
1527 3961 1685 4018 intersertis
1706 3963 1802 4039 potius
1825 3959 1909 4018 rideri
1928 3955 2008 4022 ait,ot

1278 4048 1334 4104 ntia
1347 4068 1382 4105 ex
1401 4061 1484 4126 patre
1499 4049 1620 4108 ultorem
1635 4050 1742 4127 pariat,
1756 4069 1842 4127 quam
1857 4059 1886 4104 nt
1896 4041 2008 4104 subdolus

1276 4135 1388 4194 occisor
1402 4154 1515 4212 poenam
1528 4139 1643 4215 cognati
1662 4139 1810 4216 sanguinis
1832 4135 1931 4214 prolusi
1945 4130 2004 4186 diu·

1276 4241 1378 4281 namve
1402 4224 1556 4284 vindictam
1585 4227 1714 4305 effugiat.
1733 4228 1856 4302 Reliqua
1882 4243 1914 4280 au
1935 4219 2007 4276 minos

1277 4325 1354 4370 recte
1368 4311 1566 4392 disputaverit,
1578 4313 1771 4373 dubitandum
1782 4325 1834 4372 est.
1846 4317 1912 4370 llam
1920 4307 2005 4366 uiam

1275 4417 1334 4458 una
1345 4399 1479 4477 tragoedia
1488 4403 1688 4460 tantummodo
1698 4403 1787 4460 luerit
1798 4421 1887 4479 eaque
1894 4398 1932 4454 tis
1940 4395 2005 4452 edin.

1278 4499 1371 4546 tamen
1392 4490 1470 4566 quorl
1489 4490 1608 4548 additur
1629 4488 1773 4558 Σικυώνιος
1791 4491 1834 4548 vel
1852 4491 1877 4548 ir
1899 4485 2006 4546 Enuitt·

1275 4575 1348 4634 adeo
1363 4577 1550 4636 memorabile
1560 4593 1614 4651 est,
1623 4593 1654 4638 nt
1663 4581 1735 4638 alins
1744 4580 1826 4637 locus
1837 4595 1915 4654 quam
1922 4573 2004 4645 Sicyon

1274 4666 1394 4742 cogitari
1409 4687 1467 4724 non
1485 4669 1584 4746 possit.
1601 4671 1676 4728 Sarte
1689 4655 2005 4736 memorabilemque!

1275 4749 1358 4834 Ἀτρεῖ
1370 4753 1388 4825 ἢ
1402 4755 1433 4834 (s.
1447 4755 1485 4834 ἐν)
1496 4753 1633 4827 Μυκήναις
1642 4757 1747 4814 citatur
1760 4754 1837 4836 apud
1849 4749 2005 4826 llesyrhiutu·

1274 4841 1359 4914 Quod
1374 4844 1396 4901 si
1415 4844 1565 4922 antiquum
1587 4858 1632 4903 est
1643 4858 1778 4922 reeteque
1796 4845 1922 4908 citatum,
1939 4853 2003 4892 tunt·

1275 4933 1359 4992 molle
1373 4935 1434 4992 fieri
1447 4955 1504 4992 non
1518 4937 1632 5013 potuit,
1646 4935 1700 4994 nisi
1713 4935 1799 4994 etiam
1811 4931 1876 4992 alibi
1891 4945 1995 4988 memora

1273 5019 1339 5078 bilia
1357 5023 1436 5080 Atrei
1456 5021 1530 5081 lacta
1549 5035 1706 5082 exstarent.
1728 5023 1869 5096 Quocirca
1889 5009 2007 5074 credibile

1273 5109 1390 5167 videtur
1400 5109 1429 5168 in
1443 5112 1532 5169 altera
1545 5111 1680 5188 tragoedia
1694 5112 1821 5188 Thyeste
1836 5103 1956 5182 Sicyonio
1968 5099 2004 5154 io-

1273 5197 1438 5256 trodnctum
1453 5219 1533 5270 esse,
1555 5200 1584 5257 in
1600 5201 1690 5258 altera
1706 5199 1744 5258 ab
1762 5197 1889 5278 AEgistho
1906 5187 2003 5249 interle-

1272 5298 1359 5344 ctnm.
1369 5287 1508 5364 Thyestes
1520 5289 1606 5366 igitur
1620 5290 1773 5365 Sicyonem
1785 5288 1889 5345 venisse
1899 5279 2001 5338 ridetur.

1273 5386 1334 5432 uta
1350 5395 1415 5452 rege
1430 5377 1460 5434 in
1474 5375 1593 5451 Lydiam
1608 5378 1729 5453 patriam
1744 5378 1920 5435 reduceretur
1930 5365 2000 5424 erita-

1271 5477 1370 5542 retqne
1383 5465 1546 5542 piaculum,
1563 5465 1641 5541 quotl
1657 5467 1776 5523 oraculo
1800 5457 1999 5542 portenderunt·

1278 3607 1412 3664 Ceterum
1435 3607 1584 3664 oraculum
1610 3608 1735 3664 maxime
1767 3605 1942 3664 memorabile
1961 3621 2011 3658 eso·
2077 3657 2078 3664 ,
