4567 6425
505 717 561 767 ΝΘ

502 856 568 912 qnae
589 840 787 898 tantummodo
798 842 875 899 inter
886 840 1016 899 homines
1035 840 1141 909 valent,
1151 836 1261 895 conde-

504 925 597 983 tnnari
614 929 792 1005 nonpotuit.
807 930 932 1005 Erigone
946 940 1040 985 autern
1054 946 1185 1003 quaenon
1200 925 1261 981 sine

503 1031 588 1071 cansa
603 1033 669 1071 enm
683 1017 836 1087 accusavit,
850 1031 882 1074 nt
904 1017 1007 1087 Furiae,
1022 1035 1076 1091 pro
1090 1014 1202 1091 injuriis
1217 1034 1261 1070 ac·

501 1087 597 1177 ceptis
621 1122 727 1160 novam
754 1105 936 1181 religionem,
953 1124 1010 1181 qua
1033 1122 1064 1160 se
1075 1102 1261 1171 consoletur,

504 1188 1262 1269 iuterAtheniensesaccepit.'l'otumigitnrargtnncn·

504 1286 576 1347 tutti,
586 1289 618 1334 ut
630 1280 829 1346 Eumenidum,
841 1282 869 1337 in
872 1280 1074 1357 jurisdictione
1085 1276 1261 1335 versabatur.

543 1370 624 1425 Nova
636 1367 686 1425 lux
697 1369 898 1427 allunderetnr
912 1368 1065 1445 tragoediae,
1076 1368 1099 1425 si
1112 1389 1170 1425 anm
1183 1386 1261 1444 pror·

502 1473 550 1510 sus
573 1456 768 1531 ignoraretur,
782 1458 935 1535 qtrandoa
960 1470 1045 1534 poeta
1066 1458 1152 1514 docta
1177 1468 1260 1513 essct.

503 1544 574 1611 Quae
587 1544 610 1601 si
625 1547 732 1622 scripta
752 1561 794 1604 est
810 1547 866 1603 illis
889 1545 1067 1623 temporibus
1086 1543 1154 1602 belli
1176 1545 1261 1601 Pelo-

503 1632 684 1705 ponnesiaci,
703 1654 762 1710 qno
779 1635 877 1711 Argivi
891 1654 980 1711 opera
997 1634 1155 1693 Alcibiadis
1170 1633 1260 1691 loedus

502 1738 567 1775 cnm
583 1720 806 1779 Atheniensibus
830 1723 1015 1798 pepigerunt,
1032 1735 1125 1798 poetae
1142 1740 1260 1797 magnus

500 1824 620 1882 uatupns
637 1822 697 1866 erat
717 1822 835 1885 apertus
855 1810 891 1865 ad
915 1807 1097 1886 explicandas
1120 1809 1259 1877 rationes,

502 1912 566 1968 quae
585 1895 653 1952 olim
666 1897 743 1953 inter
757 1910 910 1973 utramque
923 1898 1071 1953 civitatem
1094 1897 1260 1953 interresse·

502 1981 572 2052 rint,
584 2001 642 2039 nnn
660 1985 721 2042 sine
736 1984 820 2041 laude
831 1984 1058 2056 Atheniensium,
1080 1986 1130 2061 qni
1153 1985 1192 2043 ita
1211 1986 1260 2061 jus

501 2069 614 2146 Argivis
629 2072 821 2131 reddiderunt.

542 2161 585 2213 De
598 2162 808 2235 otnnlmsitione
823 2161 967 2235 tragoediae
980 2160 1050 2219 nibil
1065 2172 1184 2217 constat.
1200 2165 1259 2217 Ne-

502 2261 559 2318 que
572 2244 608 2301 de
622 2248 752 2322 personis
766 2248 922 2324 quidqtrant
936 2261 1034 2305 notum
1049 2260 1103 2323 est,
1113 2249 1167 2305 nisi
1180 2249 1259 2325 quod

501 2331 641 2390 credibile
657 2347 700 2391 est
721 2335 901 2411 'Tyndareum
925 2336 1119 2393 introductum
1138 2357 1214 2403 esse,
1237 2338 1260 2395 sl

502 2418 619 2493 quidem
644 2421 836 2498 fragmentum
859 2423 938 2500 quod
961 2424 1016 2481 sub
1045 2425 1123 2482 illins
1146 2428 1260 2483 nomine

501 2505 602 2579 fertur,
614 2509 662 2566 alii
677 2513 820 2587 tragoediae
833 2511 957 2570 adscribi
972 2534 1031 2570 non
1049 2527 1153 2590 potest.
1166 2519 1261 2571 Intro-

500 2594 618 2654 ducitur
636 2605 763 2671 Orestes,
780 2602 831 2677 qui
846 2622 975 2678 regumn,
989 2602 1066 2679 ‹prral
1083 2602 1138 2661 sibi
1153 2602 1260 2661 debea-

502 2694 558 2756 tur,
571 2683 609 2742 ab
623 2687 706 2745 Alete
721 2700 851 2765 errpttun
864 2690 1003 2766 queritur.
1013 2691 1069 2761 Oui
1083 2712 1172 2767 ‹prtinn
1187 2704 1260 2749 esset

499 2773 652 2849 Tyndareo
678 2796 797 2853 prorsus
826 2779 943 2856 ignotus
970 2792 999 2835 ct
1028 2792 1122 2837 trunco
1146 2780 1174 2837 in
1199 2782 1260 2857 ejas

499 2863 630 2921 oratione
644 2865 774 2941 quaedam
790 2867 992 2943 reperirentur,
1004 2887 1068 2942 quae
1081 2871 1209 2925 Orestem
1225 2890 1260 2928 ex

501 2948 577 3006 illius
595 2953 732 3028 progenie
751 2975 812 3011 esse
837 2955 1012 3025 indicarent,
1038 2958 1196 3015 accuratius
1220 2959 1261 3015 in·

499 3039 598 3113 quint.
612 3042 734 3115 Etyrnol.
752 3047 792 3101 nt.
811 3049 877 3113 ξῦν,
896 3064 929 3099 12
945 3065 952 3099 t
971 3043 1119 3110 Τοπάζειν·
1134 3043 1261 3121 erupti&

499 3129 575 3193 ollas,
592 3127 771 3203 ἐνθυμεῖσθαι,
784 3132 910 3187 ὑπονοεῖν.
925 3130 979 3189 Ital
999 3132 1070 3210 mpii
1092 3134 1220 3210 Σοφοκλεῖ
1234 3137 1260 3193 ἐν

499 3206 639 3291 'fieriu

919 3315 1000 3392 [νον]
1022 3299 1048 3379 l
1067 3304 1101 3378 δὲ

603 3411 677 3511 δόξῃ
696 3415 831 3506 τοπάζω,
849 3427 938 3490 ταῦτ’
953 3417 1026 3490 ἰδεῖν
1042 3436 1145 3516 σαφῶς
1160 3429 1246 3496 bellu.

499 3549 535 3603 Et
551 3567 597 3623 ap.
613 3547 746 3606 Photinus
765 3571 792 3627 p.
808 3551 877 3625 595,
897 3573 924 3622 7,
935 3554 1064 3613 Snidntn.
1082 3561 1183 3634 Itaque
1200 3560 1260 3615 rnlt

498 3653 588 3710 genus
606 3656 688 3692 stunn
708 3638 793 3694 abeo
812 3642 931 3716 exponi.
955 3643 1037 3700 Stob.
1058 3649 1258 3720 Lxxxrtu,

501 3742 533 3778 tr
551 3746 557 3779 :
576 3725 609 3783 Σ.
626 3723 736 3803 Ἀλήτῃ·

497 3867 579 3948 [2³2]
593 3855 668 3932 lta·
684 3866 764 3959 εἴπερ
781 3864 808 3932 ei
819 3878 961 3963 γενναῖος,
974 3877 1013 3948 ὡς
1030 3877 1121 3951 αὐτὸς
1133 3878 1242 3968 λέγεις,
1293 3930 1296 3940 ,

594 3984 797 4074 σήμαιν’ὅτοφ
804 3987 833 4049 τ’
846 3979 872 4050 εἷ
881 3987 1028 4076 χὼπόθεν·
1043 3987 1145 4082 τὸγὰρ
1159 3997 1257 4068 κιιλιῖις

596 4104 730 4188 πεφυκὸς
745 4090 844 4176 οὐδεὶς
861 4094 896 4163 ἂν
914 4101 1041 4190 μιάνειεν
1056 4104 1160 4196 λόγος.

496 4240 663 4316 Respondet
681 4245 801 4300 Orestes
813 4243 849 4301 ad
862 4265 894 4301 ea
904 4291 912 4313 ,
922 4266 986 4322 quae
1001 4260 1116 4322 rogatus
1136 4262 1197 4306 erat
1220 4250 1256 4307 ab

496 4327 668 4401 Tyndareo,
696 4331 751 4407 qui
783 4332 840 4402 ait,
877 4345 908 4390 ut
935 4334 1012 4411 aprrd
1040 4335 1186 4394 Stobaeunr
1214 4352 1257 4396 cst

496 4415 661 4484 Lxxxlx,
678 4419 695 4472 8
711 4439 717 4472 :
733 4419 765 4477 Σ.
784 4417 853 4477 :tta

494 4549 576 4630 [tat]
596 4541 671 4616 Ᾱλλ’
685 4547 777 4630 ἀξίως
792 4550 896 4633 ἔλεξας
912 4549 984 4624 οὐδὲ
1001 4564 1059 4650 μὴν
1075 4571 1199 4654 πικρῶς·

1046 708 1256 793 SOI’IIOCLIS
1278 708 1529 771 FRAGMENTA.

1412 854 1494 942 γένος
1507 852 1565 946 γὰρ
1581 855 1621 931 εἰς
1637 858 1763 949 ἔλεγχον
1780 854 1853 935 ἐξιὸν
1867 862 1953 934 καλὸν

1414 966 1546 1031 εὔκλειαν
1561 962 1595 1032 ἂν
1613 973 1763 1043 κτήσαιτο
1778 978 1891 1064 μᾶλλον
1906 976 1923 1049 i.
1936 972 2019 1065 ψόφοι.

1314 1097 1357 1151 Ne
1381 1094 1541 1171 negligatur
1561 1116 1618 1153 vox
1638 1100 1749 1178 πικρῶς,
1777 1118 1812 1157 ex
1837 1084 1893 1177 qua
1910 1102 2035 1177 conjirinn.

1314 1200 1378 1256 qnae
1392 1185 1506 1239 Orestes
1525 1183 1641 1256 dixerit,
1657 1206 1712 1241 non
1726 1187 1837 1263 ingrata
1853 1189 1933 1245 luisse
1950 1192 2035 1263 Tynda-

1314 1291 1373 1331 reo.
1389 1276 1425 1329 Et
1436 1274 1551 1331 videtur
1567 1295 1684 1351 quoque
1699 1276 1849 1353 probabile
1865 1279 1936 1337 dicta
1947 1281 2035 1337 itanu

1313 1358 1351 1416 ab
1364 1361 1471 1436 aliquo,
1486 1361 1567 1437 cnjus
1590 1364 1715 1421 rationes
1737 1386 1754 1423 ιι
1773 1368 1885 1445 reipsa
1904 1388 1955 1425 uon
1969 1384 2034 1424 essen·

1313 1448 1420 1519 alienae,
1434 1468 1522 1525 quum
1536 1450 1682 1525 Tyndarei
1696 1454 1816 1512 multum
1830 1456 1973 1523 interesset,
1986 1457 2033 1531 qnil

1314 1535 1350 1593 de
1373 1541 1475 1595 Oreste
1495 1551 1677 1598 statueretur.
1692 1543 1793 1600 Oritur
1816 1564 1891 1601 nova
1903 1546 2028 1621 quastinl·

1314 1623 1390 1682 crede
1413 1636 1442 1681 et
1463 1626 1530 1707 jure
1549 1628 1661 1704 imperii
1683 1650 1690 1685 ε
1711 1632 1827 1689 Orestes
1848 1634 1995 1711 postulatur,
2014 1644 2033 1683 ιιι

1314 1710 1441 1771 breviter
1463 1734 1577 1773 causam
1598 1736 1679 1775 suam
1699 1732 1834 1796 exponat.
1850 1720 1926 1779 Stob.
1943 1724 2032 1778 xxm.

1315 1808 1330 1867 l
1349 1801 1404 1859 εΣ.
1422 1800 1496 1859 Ἀλ.·

1313 1927 1395 2011 [234]
1409 1928 1670 2020 Βραχεῑλόγῳκαὶ
1683 1925 1783 1996 πολλοὶ
1795 1940 2030 2015 specularetur.

1313 2065 1413 2123 Eidem
1434 2067 1579 2143 colloquio
1603 2068 1681 2127 alind
1706 2070 1806 2149 fragm.
1827 2070 2030 2127 tribuendarum

1313 2153 1393 2213 Stob.
1411 2158 1466 2225 III,
1482 2157 1517 2212 8:
1532 2157 1565 2215 Σ.
1583 2154 1656 2215 ’Aba

1312 2300 1492 2389 [suffugi
1510 2298 1567 2392 γὰρ
1578 2302 1677 2379 εὔνους
1693 2302 1744 2368 καὶ
1756 2314 1903 2395 φρονοῦσα
1915 2292 2028 2369 rublan

1402 2414 1545 2503 κρείσσων
1563 2427 1708 2505 σοφιστοῦ
1725 2419 1841 2495 παντός
1856 2422 1929 2484 ἐστιν
1942 2422 2026 2507 siplae

1313 2546 1348 2599 Et
1372 2555 1472 2619 postea
1504 2544 1581 2620 qnod
1604 2560 1646 2603 est
1672 2548 1750 2625 apud
1780 2548 1901 2605 eundem
1926 2546 2027 2605 Stobarn·

1312 2634 1450 2702 XXXVI,
1468 2632 1520 2689 16:

1313 2760 1395 2844 [236]
1413 2748 1492 2852 Ᾰνήφ
1509 2754 1567 2854 γὰρ
1585 2762 1666 2838 ὅστις
1681 2753 1791 2836 ἥδεται
1806 2760 1954 2855 λε’γωνᾰεί,

1409 2876 1533 2947 λέληθεν
1552 2878 1642 2942 αὑτὸν
1660 2884 1723 2953 τοῖς
1741 2870 1872 2953 {avonem
1888 2878 1922 2941 ὧν
1937 2878 2013 2963 ,lufa-

1313 3000 1525 3079 Colloqnnntnr
1542 3002 1647 3061 deinde
1658 2998 1693 3062 de
1710 3005 1856 3081 AEgistlro,
1871 3018 1898 3060 nt
1912 3002 2024 3061 Erotiann.

1315 3090 1400 3148 duret
1425 3093 1585 3169 fragmento
1608 3108 1746 3171 corrupto
1771 3115 1799 3173 p.
1821 3096 1871 3163 371.
1892 3116 1898 3149 ι
1918 3092 1996 3165 'leaf

1283 3243 1288 3268 φ
1313 3187 1449 3259 κρυφαῖον,
1469 3178 1502 3246 ὥς
1518 3202 1596 3262 φησιν
1612 3184 1626 3239 ὁ
1643 3182 1814 3260 Ταραντῖνος.
1838 3178 1999 3260 Μαρτυρεῐγέ;
2019 3208 2024 3224 ι
2063 3186 2064 3204 ’

1283 3274 1288 3296 ’
1314 3271 1450 3350 Σοφοκλῆς
1464 3271 1490 3328 ἓν
1504 3268 1792 3351 >imprimimur-
2062 3315 2063 3349 ,

1312 3397 1394 3476 [237]
1418 3399 1483 3464 Νῦν
1500 3387 1529 3460 δ’
1547 3395 1607 3486 sipi
1625 3398 1758 3486 ὕποφφος
1775 3384 1807 3471 ἐξ
1821 3397 1910 3460 αὐτῶν
1922 3397 1964 3466 ἕως
2061 3447 2062 3491 ,

1416 3511 1570 3575 ἀπώλεσεν
1588 3535 1621 3575 τε
1635 3507 1745 3586 καύτὸς
1758 3503 1923 3586 ἐξαπώλετο

1312 3637 1391 3694 Idem
1410 3637 1557 3714 AEgistlrns
1572 3636 1608 3693 ab
1623 3638 1701 3694 arrio
1718 3658 1833 3716 qnoque
1851 3649 1987 3695 memoratu
1997 3657 2014 3692 n

1311 3724 1402 3782 caedes
1415 3724 1453 3782 ab
1462 3731 1566 3784 Oreste
1577 3726 1667 3783 lacta:

1311 3851 1381 3904 Tum
1407 3855 1498 3904 autem
1510 3843 1656 3920 'AEgistltus
1677 3846 1701 3900 si
1724 3861 1768 3901 me
1789 3855 1857 3902 esset
1877 3845 1953 3902 eodeni
1972 3841 1991 3892 Ιι
2004 3849 2021 3888 ι·

1644 3924 1801 3982 οοιιιίῑοεοοῑ
1814 3926 1886 3998 patri.
2057 3933 2058 3948 ³

1311 4005 1365 4064 Sed
1384 4005 1432 4062 ubi
1444 4005 1480 4064 ad
1497 4005 1578 4062 llnem
1595 4013 1722 4068 rentum.
1739 4005 1769 4060 iu
1784 4021 1837 4076 quo
1858 4005 1923 4059 illan
1935 3999 1977 4054 lon·
1991 4015 2013 4043 n
2055 3951 2058 4074 l

1541 4129 1545 4140 .
1633 4084 1773 4156 spectabat
1785 4083 1854 4150 loco,

1310 4175 1391 4238 atque
1402 4167 1512 4222 Orestes
1525 4164 1607 4237 grad’
1625 4162 1752 4242 spcerdos
1766 4162 1837 4298 lerrtp
1848 4169 1949 4236 prompto
1958 4155 1999 4210 ads·

1837 4258 1886 4297 ere.

1310 4347 1409 4408 Relert
1429 4347 1485 4404 huc
1499 4347 1665 4404 Welclscrus
1681 4345 1784 4404 incerti
1803 4346 1855 4403 lori
1874 4345 2014 4419 fugarentur

1308 4437 1386 4516 apud
1403 4435 1748 4504 subsannandam
1766 4455 1773 4491 :

1309 4569 1391 4648 [238]
1404 4565 1485 4628 Κατ’
1498 4559 1623 4655 ὀρφανὸν
1637 4560 1694 4655 γὰρ
1707 4557 1787 4630 οἶκον
1798 4551 2013 4651 ἀνδφόφφιννφιν.

491 4671 2013 4706 ——w———ss-ss-——dae

845 4741 907 4788 231.

1005 4810 1074 4878 ριικΙ
1085 4826 1149 4864 soro

527 4877 653 4949 utspicor
663 4879 792 4950 οφιιιίοιιο
799 4922 808 4951 ,
823 4881 880 4936 baec
894 4885 1034 4956 perspicue
1046 4887 1134 4942 videre
1146 4888 1217 4945 volo.

545 5023 584 5073 At
593 5019 618 5073 si
629 5034 658 5072 es
670 5019 787 5085 nobilis,
800 4958 1031 5092 qudirirdmodunr
1045 5027 1103 5098 ipse
1116 5028 1203 5092 dieis,

544 5095 596 5152 ede
607 5098 686 5168 cujus
699 5114 728 5153 es
742 5108 770 5154 et
783 5099 869 5166 uude3
884 5118 947 5156 narn
963 5104 1082 5160 nobilem

545 5177 701 5247 progeniem
715 5178 790 5234 nulla
804 5182 891 5235 oratio
903 5183 1079 5238 contaminat.

492 5317 530 5368 at
542 5313 624 5386 digne
636 5315 783 5374 locutores
795 5257 955 5392 neriddinto
968 5322 1052 5379 modo
1065 5326 1174 5390 acerbe;

491 5409 579 5464 genus
589 5396 661 5451 enirn
674 5399 702 5454 itt
713 5399 815 5455 bonum
828 5403 1040 5472 experimentum
1053 5404 1203 5460 adductum

489 5473 605 5546 glorlaur
621 5476 713 5547 {rodus
723 5477 892 5549 adipiscatur
905 5498 986 5552 quam
1000 5484 1249 5554 reprehensionem.

1654 4745 1717 4795 234.

1338 4830 1371 4883 In
1385 4827 1508 4884 oratioue
1520 4827 1593 4883 brevi
1605 4827 1688 4883 etiarn
1704 4825 1790 4882 multa
1803 4827 1869 4880 inest
1878 4815 1988 4892 sapenos

1654 4921 1716 4971 235.

1303 4995 1497 5050 animushene
1506 4995 1706 5052 constitutores
1715 4995 1833 5050 sentiens
1842 4987 1960 5062 qnejasn
1970 4979 2011 5032 sna!

1302 5077 1388 5130 multa
1400 5083 1488 5146 potest
1501 5075 1616 5146 reperire
1630 5073 1752 5145 sopntsra
1768 5070 1913 5145 sapientius.

1353 5240 1401 5297 Vir
1409 5241 1482 5296 enlm
1494 5239 1618 5312 quisquis
1630 5167 1739 5313 sddtber
1749 5239 1864 5298 oratione
1874 5229 1968 5304 pandl·

1354 5321 1440 5376 nescit
1453 5335 1482 5376 se
1495 5335 1603 5392 gravem
1618 5335 1678 5376 esse
1692 5319 1865 5376 audirntlbns.

1649 5413 1663 5446 O

1336 5489 1387 5542 Per
1398 5486 1510 5544 domurn
1523 5485 1616 5542 orbam
1631 5413 1716 5541 iliadis
1731 5487 1809 5542 animi
1821 5483 1905 5538 tudier.
