4567 6425
274 729 1788 872 ὑδδδοὺδδὺδιδὺὑδὺδὺὑὺῶδδὺὑδὺὑὺδὺὑδδὺδδδδθ

631 1037 1416 1286 AESCHYLI

750 1467 1294 1602 FRAGMENTA.

937 1742 1101 1767 —aemo—

462 1932 781 2024 LYCURGIA·
1043 1922 1136 1998 νούσης
1154 1925 1263 2007 ἔχρησεν
1278 1930 1291 1984 ὁ
1305 1929 1359 1992 θιος
1373 1926 1579 2008 καρποφορήσειν
1594 1930 1690 2000 αὐτὴν,
1705 1931 1736 1987 ἂν
1750 1936 1800 1989 θα-

1043 2016 1146 2092 νατωθῇ
1155 2016 1312 2093 Λυκοῦργος.
1326 2011 1438 2072 Ἠδωνοὶ
1446 2011 1473 2071 δὲ
1483 2012 1636 2080 ἀκούσαντας
1646 2016 1720 2082 alani
1729 2020 1802 2095 Παγ-

306 2108 427 2185 Inrurgia
445 2107 519 2162 inter
537 2121 641 2182 paucas
655 2099 782 2176 trilogias
792 2098 837 2155 rel
851 2099 947 2174 potius
958 2110 1002 2154 te-
1044 2107 1117 2177 γαῑον
1127 2097 1204 2157 αὐτὸν
1213 2097 1392 2178 ἀπαγαγόντες
1402 2098 1459 2181 ὄρος
1468 2098 1573 2170 ἔδησαν,
1583 2103 1657 2159 κάκεῖ
1666 2101 1733 2160 κατὰ
1742 2109 1803 2164 Διο-

275 2175 388 2271 traldgias
404 2192 548 2252 reserenda
567 2203 628 2260 est,
648 2207 713 2264 quae
728 2184 873 2263 quomodo
889 2196 1002 2261 apoeta
1044 2184 1120 2244 νὺσοα
1134 2184 1257 2264 βούλησιν
1267 2185 1319 2244 ὑπὸ
1330 2185 1420 2245 ἵππων
1431 2185 1578 2266 διαφθαρεὶς
1592 2187 1727 2251 ἀπέθανεν.
1748 2195 1803 2250 Ασ-

275 2284 413 2358 compositae
432 2281 551 2346 luerint,
572 2276 660 2333 hodie
677 2273 802 2332 dubitari
820 2291 878 2329 non
898 2283 1003 2349 potest.
1046 2271 1116 2348 tiqui
1132 2270 1198 2328 libri
1216 2271 1417 2354 ἀκρωτηριάσας
1436 2271 1526 2332 ἑαυτόν
1546 2273 1661 2332 habent.
1684 2277 1767 2350 Quod
1781 2280 1803 2336 si

277 2373 414 2426 ttelclcms
429 2368 544 2444 quidem
567 2365 636 2420 olim
651 2363 727 2420 libro
744 2361 781 2419 dc
794 2361 919 2436 AEschyli
932 2365 1004 2418 Pro-
1045 2380 1145 2416 verum
1159 2372 1219 2433 est,
1239 2365 1405 2437 Lycurgus,
1426 2376 1482 2412 non
1501 2365 1610 2436 Dryas,
1629 2362 1804 2440 intelligitur,

277 2457 374 2512 ractbeis
387 2455 523 2531 tragrediis
535 2451 614 2508 edito
627 2449 749 2520 fabulas,
763 2467 828 2524 quae
844 2447 928 2504 dictae
938 2461 1004 2505 sunt
1046 2447 1095 2524 qui
1108 2466 1196 2524 aluum
1206 2447 1294 2504 lilium
1307 2446 1465 2516 occidisset,
1480 2447 1581 2522 pedem
1595 2447 1649 2506 sibi
1664 2451 1803 2527 praecidit,

277 2537 632 2622 tunicwrpapai,’lldural,
647 2540 812 2614 Λυκοῦργος,
829 2533 1004 2614 Βασσαρίδις,
1047 2535 1076 2592 id
1096 2533 1173 2611 quod
1193 2554 1210 2592 a
1231 2532 1401 2610 quibusdam
1423 2535 1610 2612 scriptoribus
1631 2537 1805 2614 perhibetur.

278 2630 344 2684 νιιίιιο
361 2629 472 2704 nilogiae
501 2613 715 2682 contiisttatione
731 2623 897 2697 conjunctas
918 2621 1006 2678 luisse
1048 2626 1140 2680 Locus
1152 2634 1195 2680 est
1209 2621 1286 2698 apud
1302 2621 1437 2698 Apollod.
1450 2625 1502 2694 111,
1516 2625 1543 2693 5,
1560 2643 1584 2680 1.
1594 2627 1638 2682 Dc
1651 2638 1743 2683 morte
1756 2647 1806 2684 va-

278 2716 375 2773 unsnit.
389 2721 486 2774 Postea
494 2713 551 2770 riri
562 2710 718 2768 doctissimi
729 2709 897 2766 sententiam
907 2709 1005 2766 salsam
1048 2707 1089 2765 ria
1105 2709 1276 2786 scriptorum
1296 2707 1453 2766 recordatio
1467 2721 1518 2765 cst.
1534 2714 1675 2768 Homerus
1694 2718 1805 2789 Lycur·-

279 2799 539 2879 eseapparuitedito
552 2797 589 2855 ab
598 2801 762 2854 Hermanno
772 2794 882 2852 scholio
894 2795 931 2852 ad
941 2795 1006 2854 hri·
1048 2813 1113 2870 gum
1119 2807 1299 2865 occaecatum,
1308 2793 1464 2871 Sophocles
1472 2813 1558 2852 saxeo
1568 2798 1806 2873 antroiuclusum,

280 2887 399 2963 uptam
416 2885 591 2962 Thesmoph.
613 2905 640 2940 r.
665 2885 719 2942 135
739 2883 770 2940 in
790 2883 868 2940 hunc
889 2884 1006 2941 modum
1048 2882 1097 2938 alii
1116 2882 1170 2938 alia
1190 2901 1269 2958 poena
1287 2881 1421 2938 allectum
1446 2883 1589 2940 memoriae
1610 2883 1806 2960 prodiderunt.

280 2977 367 3050 wapro
377 2997 384 3032 z
395 2974 450 3044 'tta
464 2971 631 3055 τιτριλαρίαν
647 2969 718 3048 λέγει
733 2969 905 3049 Δυκοοργίαν,
918 2969 1008 3029 Ἠδω-
1048 2967 1304 3044 Nonconstatqnid
1314 2967 1461 3043 AEschylus
1470 2969 1807 3046 deLycurgotradidcrit3

281 3059 685 3138 νὶςὺααααρίδσι,Νιανίσκονς,
698 3060 847 3137 Λυκοῦργον
859 3055 904 3115 τὸν
917 3059 1008 3120 Xero-
1049 3054 1185 3112 credibile
1206 3067 1299 3111 tamen
1319 3066 1362 3111 est
1381 3055 1457 3112 hunc
1476 3055 1688 3132 antiquissimos
1707 3073 1807 3136 poetas

283 3151 346 3223 ραόι.
1049 3156 1176 3202 secutum
1200 3145 1234 3202 iis
1255 3143 1421 3202 auctoribus·
1442 3144 1686 3204 adnumerandum
1708 3149 1804 3220 l'uissc,

313 3240 441 3313 Lycurgus
450 3258 504 3295 rex
515 3236 570 3294 luit
584 3236 750 3294 Edonorum
761 3233 910 3291 Thraciam
925 3233 1007 3291 inco-
1050 3253 1122 3309 quos
1133 3233 1278 3291 Diodorus
1286 3234 1395 3291 Siculus
1404 3238 1455 3302 111,
1467 3235 1579 3291 aretas
1591 3252 1808 3305 commemorat;

283 3320 387 3393 unio,
397 3324 588 3382 ferocianimo
598 3322 758 3391 vehemens,
768 3320 872 3378 Bacchi
883 3332 1009 3377 contem·
1050 3342 1102 3378 nec
1115 3322 1209 3398 potuit
1222 3326 1382 3396 Lycurgum
1398 3322 1602 3398 interemptum
1615 3323 1744 3397 undere,
1760 3328 1809 3403 qui

284 3420 350 3479 pror,
363 3431 440 3487 qoem
454 3410 645 3469 inThraciam
664 3408 825 3466 venientem
847 3428 905 3464 non
923 3407 1008 3465 modo
1051 3420 1079 3465 et
1091 3409 1121 3464 in
1133 3406 1229 3466 labula
1238 3409 1365 3483 Satyrica
1376 3418 1419 3465 est
1429 3408 1609 3467 introductus
1618 3422 1648 3467 et
1658 3412 1731 3469 inter
1740 3412 1811 3469 deos

284 3496 419 3569 reriynreet
432 3499 527 3554 colere
537 3497 700 3565 recusarit,
715 3495 765 3553 sed
779 3494 864 3552 ctiam
873 3507 905 3550 ut
915 3514 1009 3571 poenas
1052 3497 1155 3553 relatus
1173 3497 1324 3573 cultusque
1344 3516 1361 3553 a
1379 3495 1544 3555 Thracibus.
1570 3499 1697 3576 Trilogia
1716 3514 1810 3558 autcnr

285 3580 429 3661 mjariasque
445 3587 472 3642 ei
492 3584 627 3652 inlerrct,
650 3583 742 3660 impio
760 3582 854 3639 animo
876 3580 1009 3637 incitatus
1052 3595 1138 3659 poeta
1155 3584 1255 3661 procul
1269 3582 1358 3641 dubio
1372 3584 1521 3641 victoriam
1535 3582 1707 3656 celebrauit,
1723 3606 1809 3663 quarn

285 3671 484 3729 aitroinsecutus
495 3684 548 3729 est.
571 3675 651 3729 Deus
661 3669 786 3726 hominis
799 3665 1009 3744 improbitatem
1052 3670 1179 3728 Bacchus
1204 3670 1280 3728 hand
1303 3672 1385 3728 aliter
1410 3671 1446 3728 de
1474 3671 1653 3749 bipennifero
1676 3669 1809 3752 Lycurgi)

284 3754 632 3835 nnlnrmignomioiaque
641 3768 757 3832 accepta
769 3754 895 3811 ollensus
903 3754 947 3813 sui
956 3774 1010 3811 nu-
1051 3768 1137 3832 atque
1154 3756 1189 3813 dc
1201 3756 1328 3815 Pentheo
1342 3756 1447 3815 retulit.
1471 3758 1524 3815 llic
1535 3759 1631 3832 cnim,
1648 3771 1680 3815 ut
1693 3764 1813 3817 Nonnus

285 3842 351 3898 uinis
359 3846 516 3903 violatorem
529 3843 670 3923 perdidit.
1052 3844 1139 3901 relcrt
1148 3844 1240 3920 Dixi,
1251 3844 1325 3920 159),
1333 3842 1490 3921 ἆδᾶκχευτος
1500 3844 1518 3901 i.
1527 3864 1551 3901 c.
1559 3845 1738 3903 adversarius
1746 3851 1812 3905 Bac·

314 3934 362 3987 tte
373 3946 457 4007 gestas
476 3934 507 3989 in
522 3942 607 3989 sexto
623 3929 699 3987 libro
716 3928 812 3986 iliadis
832 3926 868 3984 ab
884 3930 1010 3985 Homero
1052 3933 1116 4005 chi,
1132 3932 1213 4009 cujus
1228 3934 1321 3991 cultus
1336 3952 1353 3990 a
1368 3934 1475 3990 Graecis
1490 3934 1518 3989 iu
1538 3933 1687 3991 Thraciam
1703 3935 1813 3995 delatus

284 4032 491 4077 murmurares
499 4013 1012 4097 posteamultiinterrcteresscripto·
1052 4032 1105 4079 est.

284 4120 319 4157 Μ
334 4120 531 4183 “Poefflsslt
550 4124 635 4162 ”0¹⁰⁰
648 4104 793 4180 ⁰⁰Pl⁰⁵l⁰⁵
805 4115 835 4159 ‘l
853 4102 1012 4159 accutssllus
1092 4106 1249 4165 Fatendum
1264 4121 1307 4163 est
1321 4126 1356 4163 ex
1368 4106 1413 4182 iis,
1429 4125 1494 4182 quae
1503 4104 1696 4183 Apollodorus
1707 4127 1814 4166 merno-

284 4208 352 4261 qutn
361 4194 497 4264 Eumelus,
508 4206 541 4249 ut
551 4204 594 4249 cst
602 4189 678 4269 apud
686 4190 871 4249 Scholiastam
882 4188 919 4246 ad
929 4187 1010 4246 iliad·
1053 4194 1102 4251 riae
1112 4193 1247 4271 prodidit,
1258 4192 1382 4269 quodam
1392 4204 1476 4269 pacto
1484 4212 1566 4269 posse
1575 4193 1704 4269 intelligi,
1714 4214 1813 4271 quem-

283 4276 312 4336 l.
327 4282 382 4335 alr.
399 4284 489 4353 Quum
508 4299 579 4337 vero
592 4278 704 4336 llumeli
723 4276 850 4334 narratio
872 4274 1012 4332 inleriefl'l
1053 4281 1205 4340 admodum
1224 4280 1341 4337 historia
1354 4300 1369 4337 a
1384 4292 1469 4356 poeta
1488 4281 1563 4337 inter
1582 4295 1638 4339 tres
1656 4282 1809 4358 tragedias

231 4403 232 4412 α
282 4375 304 4414 n
314 4368 443 4441 Hyginus,
459 4366 606 4425 Diodorus
616 4365 746 4433 Siculus,
763 4362 812 4419 alii
826 4381 871 4419 res
887 4359 1013 4418 breviter
1053 4367 1198 4444 dispertiri
1217 4366 1351 4443 potuerit.
1375 4368 1465 4421 Edoni
1484 4367 1586 4424 Bacchi
1612 4368 1765 4425 adventum
1784 4372 1813 4427 in

282 4454 452 4526 rami,
464 4452 673 4531 Apollodorum
686 4448 860 4527 sequendum
870 4448 1012 4519 duximus,
1054 4454 1214 4523 Thraciam,
1227 4470 1350 4530 pugnam
1362 4470 1427 4509 cum
1441 4452 1502 4528 ejus
1514 4452 1677 4525 comitibus,
1690 4458 1813 4535 Lycurgi

281 4538 321 4607 atti
332 4552 471 4617 postqum
482 4541 627 4599 Bacchum
645 4540 766 4615 cognitis
783 4538 813 4595 in
825 4538 949 4612 Phrygia
963 4558 1011 4595 sa-
1055 4542 1204 4599 rictoriam
1216 4540 1367 4605 infelicem,
1383 4538 1492 4597 cladem
1501 4552 1530 4597 et
1539 4540 1733 4618 captivitatem
1744 4546 1813 4600 Bac·

280 4623 595 4705 crisllbmumptoqoe
607 4628 638 4684 in
652 4626 708 4684 illis
728 4623 893 4702 regionibus
909 4626 1014 4682 usitato
1054 4629 1120 4704 nhi3
1140 4630 1320 4699 Rarior-ides,
1343 4646 1406 4703 (praa
1427 4626 1533 4685 eaedenr
1555 4628 1670 4687 Bacchae
1685 4630 1813 4688 Thracia

282 4712 368 4768 vestitu
378 4713 462 4771 indos
469 4713 548 4771 adire
558 4734 611 4791 per
621 4713 772 4771 Thraciam
783 4712 937 4769 instituisse
948 4731 1013 4769 nar·
1055 4726 1122 4771 sunt
1133 4714 1231 4787 dictae,
1246 4715 1370 4774 solutum
1382 4715 1525 4773 bacchum
1534 4716 1723 4791 comitesque,
1739 4717 1814 4773 insa·
1830 4746 1841 4776 r

281 4800 357 4866 rant,
376 4800 434 4858 baec
453 4800 563 4858 addidit
580 4804 748 4879 εΛνκοῦργος
767 4798 872 4866 δίπαῐς
886 4794 1014 4879 Δρύαντος
1056 4804 1132 4859 niam
1141 4803 1279 4878 Lycurgi,
1294 4802 1440 4859 interitum
1459 4804 1595 4877 Dryantis
1607 4803 1672 4871 lilii,
1687 4806 1817 4863 ll'eam'srr'

288 4886 385 4943 ὑῒαιῦν
401 4887 555 4965 &andrai
575 4891 712 4970 Στρυμόνα
723 4885 840 4964 ποταμὸν
852 4894 1014 4968 παροικοῦσι,
1056 4889 1173 4947 sortasse
1196 4890 1355 4966 resipientis
1377 4888 1500 4965 Lycurgi
1524 4909 1637 4966 poerrarn
1665 4889 1692 4945 iu
1718 4903 1815 4947 monte

281 4974 363 5037 *aiva
375 4974 480 5053 ὑδρίαις
496 4974 616 5043 ἐὶέδαλιν
626 4976 711 5033 αὐτόν.
724 4972 779 5035 Καὶ
790 4973 912 5042 Διόνυσος
921 4972 968 5051 μὲν
979 4978 1015 5040 εἰς
1056 4980 1177 5052 Pangaeo
1191 4976 1308 5053 ejusque
1321 4976 1527 5033 dedicationem
1544 4988 1576 5033 ut
1589 4974 1644 5048 dei,
1658 4977 1708 5052 qui
1722 4990 1815 5035 tannen

282 5058 393 5117 tam
400 5060 464 5143 πρὸς
476 5060 557 5123 otro
572 5062 620 5135 ela
633 5060 742 5142 Νηρίως
753 5062 896 5142 κατέφυγε·
911 5062 1015 5140 Βάκχαι
1056 5063 1170 5120 llaccho
1181 5064 1299 5121 inferior
1310 5073 1393 5131 esset,
1407 5064 1565 5139 Bacchique
1579 5063 1695 5131 laudcs3
1710 5068 1814 5135 Lycur·

281 5168 300 5199 ²2
310 5150 413 5223 isim
422 5150 589 5231 αἰχμάλωτοι
604 5150 649 5209 rel
662 5151 693 5210 τὸ
708 5149 881 5229 συνεπόμενον
891 5149 1015 5232 Σατύρων
1054 5170 1105 5225 gns
1118 5149 1256 5227 denique,
1269 5150 1364 5208 labala
1378 5151 1521 5225 satyrica,
1537 5156 1715 5227 Lycurgum,
1729 5152 1814 5209 derrm

282 5236 447 5317 &itaut-52
471 5230 551 5303 alta
561 5236 590 5297 δί
600 5242 628 5296 αἱ
638 5239 742 5317 Βάκχαι
750 5236 878 5309 ίλὺὑησαν
888 5236 1014 5319 ἐξαίφνης·
1057 5250 1195 5313 agrestem
1207 5238 1316 5295 Baccho
1329 5235 1473 5293 cedentem
1489 5238 1517 5292 in
1530 5250 1697 5314 montesque
1709 5239 1814 5315 relaga-

281 5323 321 5377 '¹³⁴
335 5324 450 5399 3¹3³&
466 5323 590 5403 Apim
607 5325 652 5385 aba
668 5328 752 5385 παῖδα
768 5325 885 5402 α’μπίλου
904 5326 1015 5403 νομίζων
1059 5336 1118 5381 tuna
1139 5324 1290 5401 solisquea
1312 5322 1475 5400 pastoribus
1493 5335 1522 5380 et
1540 5324 1672 5401 agricolis
1693 5325 1814 5394 cultum,

284 5414 353 5473 ιιῖαα
364 5412 467 5470 rimo
479 5408 586 5469 κιλίκιι
604 5412 703 5483 πλήξας
719 5411 855 5471 ἀπέκτεινα
868 5412 912 5470 καὶ
924 5414 1014 5491 ἄκροι·
1057 5412 1252 5471 continebant.

283 5498 384 5565 παίσας
395 5499 473 5561 rihho
485 5498 657 5577 ὑσωρρόνησε.
666 5504 722 5572 Τῆς
733 5498 761 5559 dl
772 5503 821 5579 γῆς
833 5498 950 5579 ἀκάρπου
964 5524 1014 5579 pr·

329 5610 453 5657 ωιιοι.
1252 5641 1276 5651 ..
1693 5604 1720 5653 ta
