<?xml version="1.0" encoding="UTF-8"?>
<!DOCTYPE html PUBLIC "-//W3C//DTD XHTML 1.0 Transitional//EN"
    "http://www.w3.org/TR/xhtml1/DTD/xhtml1-transitional.dtd">
<html xmlns="http://www.w3.org/1999/xhtml" xml:lang="en" lang="en">
 <head>
  <title>
</title>
<meta http-equiv="Content-Type" content="text/html;charset=utf-8" />
  <meta name='ocr-system' content='tesseract 3.04.00' />
  <meta name='ocr-capabilities' content='ocr_page ocr_carea ocr_par ocr_line ocrx_word'/>
</head>
<body>
  <div class='ocr_page' id='page_1' title='image "./schylietsophocl00sophgoog_0652.png"; bbox 0 0 4567 6425; ppageno 0'>
   <div class='ocr_carea' id='block_1_1' title="bbox 464 803 521 856">
    <p class='ocr_par' dir='ltr' id='par_1_1' title="bbox 464 803 521 856">
     <span class='ocr_line' id='line_1_1' title="bbox 464 803 521 856; baseline -0.07 0"><span class='ocrx_word' id='word_1_1' title='bbox 464 803 521 856; x_wconf 64' lang='lat' dir='ltr'><strong>Md</strong></span> 
     </span>
    </p>
   </div>
   <div class='ocr_carea' id='block_1_2' title="bbox 464 890 1224 1934">
    <p class='ocr_par' dir='ltr' id='par_1_2' title="bbox 464 890 1220 1068">
     <span class='ocr_line' id='line_1_2' title="bbox 465 890 1220 976; baseline -0.001 -19"><span class='ocrx_word' id='word_1_2' title='bbox 465 902 620 976; x_wconf 68' lang='lat' dir='ltr'><strong>Odyssfl,</strong></span> <span class='ocrx_word' id='word_1_3' title='bbox 640 902 713 957; x_wconf 82' lang='lat'>136:</span> <span class='ocrx_word' id='word_1_4' title='bbox 732 890 768 956; x_wconf 77' lang='grc' dir='ltr'><strong>ἾΙ</strong></span> <span class='ocrx_word' id='word_1_5' title='bbox 864 900 922 957; x_wconf 79' lang='grc' dir='ltr'>ἀντὶ</span> <span class='ocrx_word' id='word_1_6' title='bbox 944 906 988 957; x_wconf 83' lang='grc' dir='ltr'>τοῦ</span> <span class='ocrx_word' id='word_1_7' title='bbox 1007 891 1039 969; x_wconf 77' lang='grc' dir='ltr'><strong>ἦν</strong></span> <span class='ocrx_word' id='word_1_8' title='bbox 1139 902 1170 959; x_wconf 89' lang='grc' dir='ltr'><strong>Σ.</strong></span> <span class='ocrx_word' id='word_1_9' title='bbox 1194 903 1220 958; x_wconf 83' lang='grc' dir='ltr'><strong>ἐν</strong></span> 
     </span>
     <span class='ocr_line' id='line_1_3' title="bbox 464 987 548 1068; baseline 0 -23"><span class='ocrx_word' id='word_1_10' title='bbox 464 987 548 1068; x_wconf 74' lang='grc' dir='ltr'>Νιόύῃ</span> 
     </span>
    </p>

    <p class='ocr_par' dir='ltr' id='par_1_3' title="bbox 465 1104 1224 1934">
     <span class='ocr_line' id='line_1_4' title="bbox 465 1104 1219 1214; baseline 0.008 -33"><span class='ocrx_word' id='word_1_11' title='bbox 465 1120 545 1206; x_wconf 70' lang='lat' dir='ltr'><strong>[dte]</strong></span> <span class='ocrx_word' id='word_1_12' title='bbox 562 1104 659 1213; x_wconf 64' lang='lat' dir='ltr'><strong>l&#39;lpaip</strong></span> <span class='ocrx_word' id='word_1_13' title='bbox 672 1122 743 1210; x_wconf 83' lang='grc' dir='ltr'>φίλη</span> <span class='ocrx_word' id='word_1_14' title='bbox 759 1125 813 1213; x_wconf 83' lang='grc' dir='ltr'><strong>’γὼ</strong></span> <span class='ocrx_word' id='word_1_15' title='bbox 827 1114 925 1187; x_wconf 83' lang='grc' dir='ltr'>τῶνδε</span> <span class='ocrx_word' id='word_1_16' title='bbox 941 1132 994 1187; x_wconf 83' lang='grc' dir='ltr'>τοῦ</span> <span class='ocrx_word' id='word_1_17' title='bbox 1009 1124 1219 1214; x_wconf 77' lang='grc' dir='ltr'>προρερτίρυυ.</span> 
     </span>
     <span class='ocr_line' id='line_1_5' title="bbox 465 1248 1221 1329; baseline -0.003 -22"><span class='ocrx_word' id='word_1_18' title='bbox 465 1255 558 1307; x_wconf 83' lang='lat' dir='ltr'><strong>Locus</strong></span> <span class='ocrx_word' id='word_1_19' title='bbox 580 1264 717 1327; x_wconf 86' lang='lat' dir='ltr'><strong>praeterea</strong></span> <span class='ocrx_word' id='word_1_20' title='bbox 736 1248 909 1307; x_wconf 87' lang='lat' dir='ltr'><strong>documento</strong></span> <span class='ocrx_word' id='word_1_21' title='bbox 924 1264 967 1307; x_wconf 86' lang='lat' dir='ltr'><strong>est</strong></span> <span class='ocrx_word' id='word_1_22' title='bbox 981 1271 1103 1329; x_wconf 80' lang='lat' dir='ltr'><strong>corpora</strong></span> <span class='ocrx_word' id='word_1_23' title='bbox 1118 1270 1179 1307; x_wconf 83' lang='lat' dir='ltr'><strong>esse</strong></span> <span class='ocrx_word' id='word_1_24' title='bbox 1194 1250 1221 1305; x_wconf 90' lang='lat' dir='ltr'><strong>iu</strong></span> 
     </span>
     <span class='ocr_line' id='line_1_6' title="bbox 466 1336 1223 1414; baseline 0 -23"><span class='ocrx_word' id='word_1_25' title='bbox 466 1356 577 1393; x_wconf 75' lang='lat' dir='ltr'><strong>scenam</strong></span> <span class='ocrx_word' id='word_1_26' title='bbox 591 1338 709 1414; x_wconf 86' lang='lat' dir='ltr'><strong>prolata.</strong></span> <span class='ocrx_word' id='word_1_27' title='bbox 721 1336 817 1395; x_wconf 84' lang='lat' dir='ltr'><strong>l‘otuit</strong></span> <span class='ocrx_word' id='word_1_28' title='bbox 828 1350 922 1394; x_wconf 89' lang='lat' dir='ltr'><strong>autem</strong></span> <span class='ocrx_word' id='word_1_29' title='bbox 933 1338 980 1395; x_wconf 93' lang='lat' dir='ltr'><strong>ille</strong></span> <span class='ocrx_word' id='word_1_30' title='bbox 992 1358 1092 1395; x_wconf 87' lang='lat' dir='ltr'><strong>versus</strong></span> <span class='ocrx_word' id='word_1_31' title='bbox 1104 1336 1223 1393; x_wconf 88' lang='lat' dir='ltr'><strong>nutricis</strong></span> 
     </span>
     <span class='ocr_line' id='line_1_7' title="bbox 466 1426 1222 1503; baseline 0.003 -25"><span class='ocrx_word' id='word_1_32' title='bbox 466 1444 581 1499; x_wconf 83' lang='lat' dir='ltr'><strong>qttuquc</strong></span> <span class='ocrx_word' id='word_1_33' title='bbox 591 1445 667 1492; x_wconf 84' lang='lat' dir='ltr'><strong>esse,</strong></span> <span class='ocrx_word' id='word_1_34' title='bbox 684 1445 748 1501; x_wconf 83' lang='lat' dir='ltr'><strong>quae</strong></span> <span class='ocrx_word' id='word_1_35' title='bbox 761 1426 838 1501; x_wconf 87' lang='lat' dir='ltr'><strong>apud</strong></span> <span class='ocrx_word' id='word_1_36' title='bbox 860 1426 934 1483; x_wconf 90' lang='lat' dir='ltr'><strong>Plut.</strong></span> <span class='ocrx_word' id='word_1_37' title='bbox 949 1426 1051 1482; x_wconf 90' lang='lat' dir='ltr'><strong>Moral.</strong></span> <span class='ocrx_word' id='word_1_38' title='bbox 1063 1446 1091 1503; x_wconf 90' lang='lat' dir='ltr'><strong>p.</strong></span> <span class='ocrx_word' id='word_1_39' title='bbox 1103 1426 1171 1499; x_wconf 77' lang='lat'><strong>691,</strong></span> <span class='ocrx_word' id='word_1_40' title='bbox 1186 1428 1222 1493; x_wconf 93' lang='lat' dir='ltr'><strong>D,</strong></span> 
     </span>
     <span class='ocr_line' id='line_1_8' title="bbox 467 1510 1224 1593; baseline 0.004 -27"><span class='ocrx_word' id='word_1_41' title='bbox 467 1526 640 1569; x_wconf 87' lang='lat' dir='ltr'><strong>memoratur</strong></span> <span class='ocrx_word' id='word_1_42' title='bbox 654 1535 660 1568; x_wconf 94' lang='lat'><strong>:</strong></span> <span class='ocrx_word' id='word_1_43' title='bbox 676 1510 776 1577; x_wconf 77' lang='grc' dir='ltr'>Αὐτοθς</span> <span class='ocrx_word' id='word_1_44' title='bbox 792 1512 1030 1592; x_wconf 74' lang='grc' dir='ltr'>παραλογιζόμεθα,</span> <span class='ocrx_word' id='word_1_45' title='bbox 1045 1512 1138 1593; x_wconf 78' lang='grc' dir='ltr'>θερμὸν</span> <span class='ocrx_word' id='word_1_46' title='bbox 1151 1510 1224 1577; x_wconf 67' lang='lat' dir='ltr'><strong>sallia:</strong></span> 
     </span>
     <span class='ocr_line' id='line_1_9' title="bbox 466 1588 1224 1678; baseline 0.003 -25"><span class='ocrx_word' id='word_1_47' title='bbox 466 1588 532 1655; x_wconf 73' lang='lat' dir='ltr'><strong>rixae</strong></span> <span class='ocrx_word' id='word_1_48' title='bbox 544 1601 574 1655; x_wconf 78' lang='grc' dir='ltr'>το</span> <span class='ocrx_word' id='word_1_49' title='bbox 586 1603 724 1678; x_wconf 76' lang='grc' dir='ltr'>θερμαῖνον</span> <span class='ocrx_word' id='word_1_50' title='bbox 739 1600 975 1675; x_wconf 74' lang='grc' dir='ltr'>ὑπολαμίοίνοντες.</span> <span class='ocrx_word' id='word_1_51' title='bbox 989 1600 1041 1659; x_wconf 79' lang='grc' dir='ltr'><strong>Καὶ</strong></span> <span class='ocrx_word' id='word_1_52' title='bbox 1056 1599 1129 1656; x_wconf 83' lang='grc' dir='ltr'>ταῦθ’</span> <span class='ocrx_word' id='word_1_53' title='bbox 1143 1602 1224 1677; x_wconf 81' lang='grc' dir='ltr'>ὁρῶν-</span> 
     </span>
     <span class='ocr_line' id='line_1_10' title="bbox 465 1682 1224 1767; baseline 0.001 -26"><span class='ocrx_word' id='word_1_54' title='bbox 465 1708 506 1751; x_wconf 86' lang='grc' dir='ltr'><strong>τες</strong></span> <span class='ocrx_word' id='word_1_55' title='bbox 522 1684 562 1744; x_wconf 78' lang='grc' dir='ltr'><strong>ὅτι</strong></span> <span class='ocrx_word' id='word_1_56' title='bbox 583 1686 664 1745; x_wconf 81' lang='grc' dir='ltr'><strong>ταύτὸ</strong></span> <span class='ocrx_word' id='word_1_57' title='bbox 686 1688 790 1763; x_wconf 85' lang='grc' dir='ltr'>ἱμάτιον</span> <span class='ocrx_word' id='word_1_58' title='bbox 812 1690 838 1744; x_wconf 82' lang='grc' dir='ltr'><strong>ἐν</strong></span> <span class='ocrx_word' id='word_1_59' title='bbox 861 1692 972 1766; x_wconf 77' lang='grc' dir='ltr'>χειμῶνι</span> <span class='ocrx_word' id='word_1_60' title='bbox 994 1686 1136 1767; x_wconf 81' lang='grc' dir='ltr'>θερμαίνει,</span> <span class='ocrx_word' id='word_1_61' title='bbox 1153 1689 1179 1745; x_wconf 80' lang='grc' dir='ltr'><strong>ἐν</strong></span> <span class='ocrx_word' id='word_1_62' title='bbox 1197 1682 1224 1743; x_wconf 74' lang='grc' dir='ltr'><strong>δὲ</strong></span> 
     </span>
     <span class='ocr_line' id='line_1_11' title="bbox 466 1773 1224 1855; baseline 0 -25"><span class='ocrx_word' id='word_1_63' title='bbox 466 1774 533 1853; x_wconf 75' lang='grc' dir='ltr'>ἡλίῳ</span> <span class='ocrx_word' id='word_1_64' title='bbox 545 1773 638 1853; x_wconf 66' lang='grc' dir='ltr'>ψύχειν</span> <span class='ocrx_word' id='word_1_65' title='bbox 650 1773 768 1852; x_wconf 73' lang='grc' dir='ltr'>λε’γομεν,</span> <span class='ocrx_word' id='word_1_66' title='bbox 782 1774 869 1855; x_wconf 81' lang='grc' dir='ltr'>ὥσπερ</span> <span class='ocrx_word' id='word_1_67' title='bbox 883 1779 900 1846; x_wconf 80' lang='grc' dir='ltr'>ἡ</span> <span class='ocrx_word' id='word_1_68' title='bbox 913 1774 1022 1855; x_wconf 74' lang='grc' dir='ltr'>τραγικὴ</span> <span class='ocrx_word' id='word_1_69' title='bbox 1035 1774 1126 1855; x_wconf 66' lang='grc' dir='ltr'>τροφὸς</span> <span class='ocrx_word' id='word_1_70' title='bbox 1138 1774 1224 1845; x_wconf 75' lang='grc' dir='ltr'>ίκείνη</span> 
     </span>
     <span class='ocr_line' id='line_1_12' title="bbox 466 1862 914 1934; baseline 0.002 -17"><span class='ocrx_word' id='word_1_71' title='bbox 466 1862 499 1919; x_wconf 79' lang='grc' dir='ltr'><strong>τὰ</strong></span> <span class='ocrx_word' id='word_1_72' title='bbox 511 1866 557 1931; x_wconf 76' lang='grc' dir='ltr'><strong>τῆς</strong></span> <span class='ocrx_word' id='word_1_73' title='bbox 572 1863 670 1934; x_wconf 65' lang='lat' dir='ltr'><strong>Naida&lt;</strong></span> <span class='ocrx_word' id='word_1_74' title='bbox 681 1862 759 1921; x_wconf 82' lang='grc' dir='ltr'>τέκνα</span> <span class='ocrx_word' id='word_1_75' title='bbox 772 1868 914 1933; x_wconf 80' lang='grc' dir='ltr'>τιθηνεῖται</span> 
     </span>
    </p>
   </div>
   <div class='ocr_carea' id='block_1_3' title="bbox 468 1984 1224 2309">
    <p class='ocr_par' dir='ltr' id='par_1_4' title="bbox 468 1984 1224 2309">
     <span class='ocr_line' id='line_1_13' title="bbox 468 1984 1164 2081; baseline 0.001 -27"><span class='ocrx_word' id='word_1_76' title='bbox 468 1992 549 2075; x_wconf 74' lang='grc'>[319]</span> <span class='ocrx_word' id='word_1_77' title='bbox 570 1991 837 2063; x_wconf 76' lang='grc' dir='ltr'>Λεπτοσπαθίτιον</span> <span class='ocrx_word' id='word_1_78' title='bbox 854 1984 1016 2081; x_wconf 78' lang='grc' dir='ltr'>χλανιδίων</span> <span class='ocrx_word' id='word_1_79' title='bbox 1029 1991 1164 2081; x_wconf 79' lang='grc' dir='ltr'>ἐρειπίοις</span> 
     </span>
     <span class='ocr_line' id='line_1_14' title="bbox 572 2104 1224 2194; baseline -0.002 -26"><span class='ocrx_word' id='word_1_80' title='bbox 572 2106 728 2169; x_wconf 76' lang='grc' dir='ltr'>θάλπουσα</span> <span class='ocrx_word' id='word_1_81' title='bbox 742 2106 792 2169; x_wconf 84' lang='grc' dir='ltr'><strong>καὶ</strong></span> <span class='ocrx_word' id='word_1_82' title='bbox 810 2104 960 2194; x_wconf 73' lang='grc' dir='ltr'>ψύχουσα,</span> <span class='ocrx_word' id='word_1_83' title='bbox 978 2106 1028 2170; x_wconf 89' lang='grc' dir='ltr'><strong>καὶ</strong></span> <span class='ocrx_word' id='word_1_84' title='bbox 1039 2106 1121 2190; x_wconf 85' lang='grc' dir='ltr'>πόνῳ</span> <span class='ocrx_word' id='word_1_85' title='bbox 1133 2104 1224 2170; x_wconf 86' lang='grc' dir='ltr'>πύνυν</span> 
     </span>
     <span class='ocr_line' id='line_1_15' title="bbox 573 2219 1224 2309; baseline -0.003 -26"><span class='ocrx_word' id='word_1_86' title='bbox 573 2223 606 2283; x_wconf 84' lang='grc' dir='ltr'><strong>ἐκ</strong></span> <span class='ocrx_word' id='word_1_87' title='bbox 619 2220 723 2294; x_wconf 80' lang='grc' dir='ltr'>νυκτὸς</span> <span class='ocrx_word' id='word_1_88' title='bbox 741 2219 935 2283; x_wconf 86' lang='grc' dir='ltr'>οἱλλοίσσούσα</span> <span class='ocrx_word' id='word_1_89' title='bbox 951 2220 999 2283; x_wconf 82' lang='grc' dir='ltr'><strong>τὸν</strong></span> <span class='ocrx_word' id='word_1_90' title='bbox 1017 2220 1083 2285; x_wconf 87' lang='grc' dir='ltr'>καθ’</span> <span class='ocrx_word' id='word_1_91' title='bbox 1098 2221 1224 2309; x_wconf 70' lang='grc' dir='ltr'>ἡμέραν.</span> 
     </span>
    </p>
   </div>
   <div class='ocr_carea' id='block_1_4' title="bbox 468 2345 1227 2773">
    <p class='ocr_par' dir='ltr' id='par_1_5' title="bbox 468 2345 1227 2773">
     <span class='ocr_line' id='line_1_16' title="bbox 469 2345 1225 2423; baseline 0.001 -20"><span class='ocrx_word' id='word_1_92' title='bbox 469 2348 511 2404; x_wconf 84' lang='lat' dir='ltr'><strong>cf.</strong></span> <span class='ocrx_word' id='word_1_93' title='bbox 531 2346 699 2402; x_wconf 82' lang='lat' dir='ltr'><strong>Valckenar.</strong></span> <span class='ocrx_word' id='word_1_94' title='bbox 718 2346 755 2401; x_wconf 87' lang='lat' dir='ltr'><strong>ad</strong></span> <span class='ocrx_word' id='word_1_95' title='bbox 782 2345 890 2402; x_wconf 84' lang='lat' dir='ltr'><strong>l’lralar.</strong></span> <span class='ocrx_word' id='word_1_96' title='bbox 912 2366 941 2423; x_wconf 91' lang='lat' dir='ltr'><strong>p.</strong></span> <span class='ocrx_word' id='word_1_97' title='bbox 960 2351 999 2405; x_wconf 84' lang='lat' dir='ltr'><strong>X.</strong></span> <span class='ocrx_word' id='word_1_98' title='bbox 1021 2351 1165 2403; x_wconf 88' lang='lat' dir='ltr'><strong>Postrema</strong></span> <span class='ocrx_word' id='word_1_99' title='bbox 1181 2345 1225 2404; x_wconf 85' lang='grc' dir='ltr'><strong>καλ</strong></span> 
     </span>
     <span class='ocr_line' id='line_1_17' title="bbox 468 2431 1225 2513; baseline 0.003 -24"><span class='ocrx_word' id='word_1_100' title='bbox 468 2432 588 2513; x_wconf 81' lang='grc' dir='ltr'>πόνῳ.....</span> <span class='ocrx_word' id='word_1_101' title='bbox 606 2431 707 2509; x_wconf 70' lang='grc' dir='ltr'>ἡμέραν</span> <span class='ocrx_word' id='word_1_102' title='bbox 727 2432 824 2489; x_wconf 86' lang='lat' dir='ltr'><strong>addita</strong></span> <span class='ocrx_word' id='word_1_103' title='bbox 843 2446 908 2489; x_wconf 85' lang='lat' dir='ltr'><strong>sunt</strong></span> <span class='ocrx_word' id='word_1_104' title='bbox 929 2453 965 2489; x_wconf 90' lang='lat' dir='ltr'><strong>ex</strong></span> <span class='ocrx_word' id='word_1_105' title='bbox 985 2454 1012 2509; x_wconf 91' lang='lat' dir='ltr'><strong>p.</strong></span> <span class='ocrx_word' id='word_1_106' title='bbox 1029 2434 1098 2506; x_wconf 74' lang='grc'>496,</span> <span class='ocrx_word' id='word_1_107' title='bbox 1116 2436 1154 2499; x_wconf 85' lang='grc' dir='ltr'><strong>Ε,</strong></span> <span class='ocrx_word' id='word_1_108' title='bbox 1178 2434 1225 2491; x_wconf 92' lang='lat' dir='ltr'><strong>ubi</strong></span> 
     </span>
     <span class='ocr_line' id='line_1_18' title="bbox 469 2517 1227 2600; baseline 0 -22"><span class='ocrx_word' id='word_1_109' title='bbox 469 2518 624 2600; x_wconf 73' lang='lat' dir='ltr'><strong>oaapp&#39;rvox</strong></span> <span class='ocrx_word' id='word_1_110' title='bbox 652 2517 788 2596; x_wconf 89' lang='lat' dir='ltr'><strong>scriptum</strong></span> <span class='ocrx_word' id='word_1_111' title='bbox 816 2540 867 2595; x_wconf 92' lang='lat' dir='ltr'><strong>pro</strong></span> <span class='ocrx_word' id='word_1_112' title='bbox 891 2520 1040 2598; x_wconf 76' lang='grc' dir='ltr'>χλανιδίων.</span> <span class='ocrx_word' id='word_1_113' title='bbox 1069 2522 1227 2599; x_wconf 76' lang='lat' dir='ltr'><strong>l&#39;aedagogo</strong></span> 
     </span>
     <span class='ocr_line' id='line_1_19' title="bbox 470 2608 1225 2686; baseline 0.001 -22"><span class='ocrx_word' id='word_1_114' title='bbox 470 2609 636 2665; x_wconf 86' lang='lat' dir='ltr'><strong>Welclcrus</strong></span> <span class='ocrx_word' id='word_1_115' title='bbox 661 2627 776 2665; x_wconf 83' lang='lat' dir='ltr'><strong>versum</strong></span> <span class='ocrx_word' id='word_1_116' title='bbox 799 2608 931 2665; x_wconf 80' lang='lat' dir='ltr'>attribuit</span> <span class='ocrx_word' id='word_1_117' title='bbox 953 2608 1029 2686; x_wconf 94' lang='lat' dir='ltr'><strong>apud</strong></span> <span class='ocrx_word' id='word_1_118' title='bbox 1053 2610 1127 2667; x_wconf 90' lang='lat' dir='ltr'><strong>Plut.</strong></span> <span class='ocrx_word' id='word_1_119' title='bbox 1154 2614 1225 2667; x_wconf 88' lang='lat' dir='ltr'><strong>lllor.</strong></span> 
     </span>
     <span class='ocr_line' id='line_1_20' title="bbox 469 2701 823 2773; baseline -0.003 -20"><span class='ocrx_word' id='word_1_120' title='bbox 469 2701 823 2773; x_wconf 76' lang='lat' dir='ltr'><strong>p.77,B‚etp.619,A:</strong></span> 
     </span>
    </p>
   </div>
   <div class='ocr_carea' id='block_1_5' title="bbox 468 2810 1212 2919">
    <p class='ocr_par' dir='ltr' id='par_1_6' title="bbox 468 2810 1212 2919">
     <span class='ocr_line' id='line_1_21' title="bbox 468 2810 1212 2919; baseline 0 -28"><span class='ocrx_word' id='word_1_121' title='bbox 468 2832 550 2911; x_wconf 73' lang='lat'>[³20]</span> <span class='ocrx_word' id='word_1_122' title='bbox 566 2810 641 2911; x_wconf 65' lang='grc' dir='ltr'>(δτῳ</span> <span class='ocrx_word' id='word_1_123' title='bbox 658 2816 686 2889; x_wconf 84' lang='grc' dir='ltr'><strong>δ’</strong></span> <span class='ocrx_word' id='word_1_124' title='bbox 703 2826 811 2917; x_wconf 82' lang='grc' dir='ltr'>ἔρωτος</span> <span class='ocrx_word' id='word_1_125' title='bbox 830 2817 934 2917; x_wconf 70' lang='grc' dir='ltr'>δῆγμα</span> <span class='ocrx_word' id='word_1_126' title='bbox 946 2819 1088 2892; x_wconf 86' lang='grc' dir='ltr'>παιδικοῦ</span> <span class='ocrx_word' id='word_1_127' title='bbox 1104 2836 1212 2919; x_wconf 78' lang='grc' dir='ltr'>προσῇ.</span> 
     </span>
    </p>
   </div>
   <div class='ocr_carea' id='block_1_6' title="bbox 469 2963 1228 4002">
    <p class='ocr_par' dir='ltr' id='par_1_7' title="bbox 469 2963 1228 4002">
     <span class='ocr_line' id='line_1_22' title="bbox 469 2963 1227 3039; baseline 0.001 -19"><span class='ocrx_word' id='word_1_128' title='bbox 469 2964 590 3039; x_wconf 81' lang='lat' dir='ltr'><strong>Reliqua</strong></span> <span class='ocrx_word' id='word_1_129' title='bbox 629 2976 733 3039; x_wconf 66' lang='lat' dir='ltr'><strong>praeter</strong></span> <span class='ocrx_word' id='word_1_130' title='bbox 778 2963 886 3019; x_wconf 88' lang='lat' dir='ltr'><strong>exitum</strong></span> <span class='ocrx_word' id='word_1_131' title='bbox 926 2964 1103 3032; x_wconf 58' lang='lat' dir='ltr'><strong>ignorantur.</strong></span> <span class='ocrx_word' id='word_1_132' title='bbox 1135 2963 1227 3021; x_wconf 85' lang='lat' dir='ltr'>Nioba</span> 
     </span>
     <span class='ocr_line' id='line_1_23' title="bbox 472 3050 1227 3128; baseline 0.004 -22"><span class='ocrx_word' id='word_1_133' title='bbox 472 3072 644 3128; x_wconf 84' lang='lat' dir='ltr'><strong>qrraruquam</strong></span> <span class='ocrx_word' id='word_1_134' title='bbox 658 3052 782 3107; x_wconf 84' lang='lat' dir='ltr'><strong>filiorum</strong></span> <span class='ocrx_word' id='word_1_135' title='bbox 793 3050 870 3108; x_wconf 79' lang='lat' dir='ltr'><strong>caetle</strong></span> <span class='ocrx_word' id='word_1_136' title='bbox 885 3050 966 3107; x_wconf 82' lang='lat' dir='ltr'><strong>valde</strong></span> <span class='ocrx_word' id='word_1_137' title='bbox 985 3052 1086 3109; x_wconf 85' lang='lat' dir='ltr'><strong>allecta</strong></span> <span class='ocrx_word' id='word_1_138' title='bbox 1098 3066 1169 3125; x_wconf 88' lang='lat' dir='ltr'><strong>erat,</strong></span> <span class='ocrx_word' id='word_1_139' title='bbox 1182 3066 1227 3109; x_wconf 90' lang='lat' dir='ltr'><strong>ta·</strong></span> 
     </span>
     <span class='ocr_line' id='line_1_24' title="bbox 470 3138 1225 3206; baseline 0.003 -11"><span class='ocrx_word' id='word_1_140' title='bbox 470 3160 535 3196; x_wconf 85' lang='lat' dir='ltr'><strong>ntea</strong></span> <span class='ocrx_word' id='word_1_141' title='bbox 551 3138 673 3196; x_wconf 90' lang='lat' dir='ltr'><strong>liliarum</strong></span> <span class='ocrx_word' id='word_1_142' title='bbox 695 3156 815 3194; x_wconf 90' lang='lat' dir='ltr'><strong>numero</strong></span> <span class='ocrx_word' id='word_1_143' title='bbox 828 3138 995 3206; x_wconf 87' lang='lat' dir='ltr'><strong>exsultavit,</strong></span> <span class='ocrx_word' id='word_1_144' title='bbox 1020 3140 1111 3197; x_wconf 88' lang='lat' dir='ltr'><strong>donec</strong></span> <span class='ocrx_word' id='word_1_145' title='bbox 1126 3142 1225 3197; x_wconf 87' lang='lat' dir='ltr'><strong>barum</strong></span> 
     </span>
     <span class='ocr_line' id='line_1_25' title="bbox 470 3225 1225 3304; baseline 0.007 -23"><span class='ocrx_word' id='word_1_146' title='bbox 470 3247 585 3303; x_wconf 79' lang='grc' dir='ltr'>ιγιιιιιμιυ</span> <span class='ocrx_word' id='word_1_147' title='bbox 598 3225 678 3282; x_wconf 84' lang='lat' dir='ltr'><strong>clade</strong></span> <span class='ocrx_word' id='word_1_148' title='bbox 701 3245 821 3302; x_wconf 87' lang='lat' dir='ltr'><strong>prorsus</strong></span> <span class='ocrx_word' id='word_1_149' title='bbox 835 3228 1080 3304; x_wconf 72' lang='lat' dir='ltr'><strong>prosternebatur.</strong></span> <span class='ocrx_word' id='word_1_150' title='bbox 1097 3229 1225 3286; x_wconf 80' lang='lat' dir='ltr'><strong>Welrlte-</strong></span> 
     </span>
     <span class='ocr_line' id='line_1_26' title="bbox 470 3315 1226 3393; baseline 0.008 -22"><span class='ocrx_word' id='word_1_151' title='bbox 470 3333 519 3371; x_wconf 89' lang='lat' dir='ltr'><strong>rus</strong></span> <span class='ocrx_word' id='word_1_152' title='bbox 534 3315 603 3372; x_wconf 85' lang='lat' dir='ltr'><strong>lilias</strong></span> <span class='ocrx_word' id='word_1_153' title='bbox 618 3327 702 3393; x_wconf 86' lang='lat' dir='ltr'><strong>putat</strong></span> <span class='ocrx_word' id='word_1_154' title='bbox 717 3317 812 3372; x_wconf 86' lang='lat' dir='ltr'><strong>statim</strong></span> <span class='ocrx_word' id='word_1_155' title='bbox 836 3329 902 3391; x_wconf 85' lang='lat' dir='ltr'><strong>post</strong></span> <span class='ocrx_word' id='word_1_156' title='bbox 915 3315 1002 3374; x_wconf 88' lang='lat' dir='ltr'><strong>verba</strong></span> <span class='ocrx_word' id='word_1_157' title='bbox 1016 3320 1114 3376; x_wconf 84' lang='lat' dir='ltr'><strong>matris</strong></span> <span class='ocrx_word' id='word_1_158' title='bbox 1129 3340 1226 3377; x_wconf 85' lang='lat' dir='ltr'><strong>eartuu</strong></span> 
     </span>
     <span class='ocr_line' id='line_1_27' title="bbox 471 3401 1227 3483; baseline 0.013 -28"><span class='ocrx_word' id='word_1_159' title='bbox 471 3420 590 3456; x_wconf 89' lang='lat' dir='ltr'><strong>ruuuero</strong></span> <span class='ocrx_word' id='word_1_160' title='bbox 607 3401 758 3477; x_wconf 78' lang='lat' dir='ltr'><strong>guardentis</strong></span> <span class='ocrx_word' id='word_1_161' title='bbox 770 3421 857 3477; x_wconf 87' lang='lat' dir='ltr'><strong>supra</strong></span> <span class='ocrx_word' id='word_1_162' title='bbox 871 3403 992 3459; x_wconf 81' lang='lat' dir='ltr'><strong>fratrum</strong></span> <span class='ocrx_word' id='word_1_163' title='bbox 1004 3424 1126 3483; x_wconf 89' lang='lat' dir='ltr'><strong>corpora</strong></span> <span class='ocrx_word' id='word_1_164' title='bbox 1141 3410 1227 3465; x_wconf 82' lang='lat' dir='ltr'><strong>mori-</strong></span> 
     </span>
     <span class='ocr_line' id='line_1_28' title="bbox 470 3487 1228 3574; baseline 0.013 -30"><span class='ocrx_word' id='word_1_165' title='bbox 470 3487 579 3544; x_wconf 88' lang='lat' dir='ltr'><strong>bnndas</strong></span> <span class='ocrx_word' id='word_1_166' title='bbox 589 3489 757 3559; x_wconf 81' lang='lat' dir='ltr'><strong>concidisse,</strong></span> <span class='ocrx_word' id='word_1_167' title='bbox 766 3489 796 3545; x_wconf 89' lang='lat' dir='ltr'><strong>id</strong></span> <span class='ocrx_word' id='word_1_168' title='bbox 807 3487 885 3564; x_wconf 91' lang='lat' dir='ltr'><strong>quod</strong></span> <span class='ocrx_word' id='word_1_169' title='bbox 898 3490 998 3547; x_wconf 88' lang='lat' dir='ltr'><strong>endem</strong></span> <span class='ocrx_word' id='word_1_170' title='bbox 1007 3495 1093 3550; x_wconf 85' lang='lat' dir='ltr'><strong>moda</strong></span> <span class='ocrx_word' id='word_1_171' title='bbox 1104 3518 1119 3552; x_wconf 87' lang='lat' dir='ltr'><strong>a</strong></span> <span class='ocrx_word' id='word_1_172' title='bbox 1133 3502 1228 3574; x_wconf 81' lang='lat' dir='ltr'>Scopa</span> 
     </span>
     <span class='ocr_line' id='line_1_29' title="bbox 469 3577 1227 3655; baseline 0.016 -23"><span class='ocrx_word' id='word_1_173' title='bbox 469 3589 498 3632; x_wconf 88' lang='lat' dir='ltr'><strong>et</strong></span> <span class='ocrx_word' id='word_1_174' title='bbox 509 3577 650 3635; x_wconf 72' lang='lat' dir='ltr'><strong>Praxitele</strong></span> <span class='ocrx_word' id='word_1_175' title='bbox 664 3597 831 3654; x_wconf 89' lang='lat' dir='ltr'><strong>expressum</strong></span> <span class='ocrx_word' id='word_1_176' title='bbox 846 3580 993 3655; x_wconf 85' lang='lat' dir='ltr'><strong>sculptura</strong></span> <span class='ocrx_word' id='word_1_177' title='bbox 1007 3602 1067 3639; x_wconf 88' lang='lat' dir='ltr'><strong>esse</strong></span> <span class='ocrx_word' id='word_1_178' title='bbox 1083 3585 1130 3641; x_wconf 88' lang='lat' dir='ltr'><strong>ait.</strong></span> <span class='ocrx_word' id='word_1_179' title='bbox 1153 3589 1227 3644; x_wconf 86' lang='lat' dir='ltr'><strong>Tum</strong></span> 
     </span>
     <span class='ocr_line' id='line_1_30' title="bbox 470 3664 1228 3744; baseline 0.016 -26"><span class='ocrx_word' id='word_1_180' title='bbox 470 3685 539 3721; x_wconf 86' lang='lat' dir='ltr'><strong>vero</strong></span> <span class='ocrx_word' id='word_1_181' title='bbox 551 3664 673 3722; x_wconf 79' lang='lat' dir='ltr'>Niobam</span> <span class='ocrx_word' id='word_1_182' title='bbox 688 3669 827 3723; x_wconf 88' lang='lat' dir='ltr'><strong>immenso</strong></span> <span class='ocrx_word' id='word_1_183' title='bbox 837 3666 937 3724; x_wconf 90' lang='lat' dir='ltr'><strong>dolore</strong></span> <span class='ocrx_word' id='word_1_184' title='bbox 953 3669 1140 3744; x_wconf 77' lang='lat' dir='ltr'><strong>stupefactam</strong></span> <span class='ocrx_word' id='word_1_185' title='bbox 1153 3675 1228 3730; x_wconf 83' lang='lat' dir='ltr'><strong>inter</strong></span> 
     </span>
     <span class='ocr_line' id='line_1_31' title="bbox 469 3753 1227 3829; baseline 0.015 -22"><span class='ocrx_word' id='word_1_186' title='bbox 469 3773 593 3829; x_wconf 84' lang='lat' dir='ltr'><strong>corpora</strong></span> <span class='ocrx_word' id='word_1_187' title='bbox 613 3753 770 3822; x_wconf 88' lang='lat' dir='ltr'><strong>sedentem,</strong></span> <span class='ocrx_word' id='word_1_188' title='bbox 794 3754 862 3810; x_wconf 90' lang='lat' dir='ltr'><strong>dum</strong></span> <span class='ocrx_word' id='word_1_189' title='bbox 886 3766 961 3812; x_wconf 87' lang='lat' dir='ltr'><strong>terra</strong></span> <span class='ocrx_word' id='word_1_190' title='bbox 981 3759 1227 3824; x_wconf 85' lang='lat' dir='ltr'><strong>commovebatur.</strong></span> 
     </span>
     <span class='ocr_line' id='line_1_32' title="bbox 470 3839 1228 3917; baseline 0.013 -22"><span class='ocrx_word' id='word_1_191' title='bbox 470 3840 517 3895; x_wconf 84' lang='lat' dir='ltr'><strong>illa</strong></span> <span class='ocrx_word' id='word_1_192' title='bbox 530 3839 646 3912; x_wconf 79' lang='lat' dir='ltr'>dixisse,</span> <span class='ocrx_word' id='word_1_193' title='bbox 656 3861 720 3917; x_wconf 83' lang='lat' dir='ltr'><strong>quae</strong></span> <span class='ocrx_word' id='word_1_194' title='bbox 730 3841 806 3917; x_wconf 89' lang='lat' dir='ltr'><strong>apud</strong></span> <span class='ocrx_word' id='word_1_195' title='bbox 818 3842 974 3917; x_wconf 78' lang='lat' dir='ltr'>Diogenem</span> <span class='ocrx_word' id='word_1_196' title='bbox 986 3849 1078 3902; x_wconf 89' lang='lat' dir='ltr'><strong>Laert.</strong></span> <span class='ocrx_word' id='word_1_197' title='bbox 1092 3851 1157 3916; x_wconf 87' lang='lat' dir='ltr'><strong>Vll,</strong></span> <span class='ocrx_word' id='word_1_198' title='bbox 1175 3851 1228 3906; x_wconf 81' lang='lat'><strong>128</strong></span> 
     </span>
     <span class='ocr_line' id='line_1_33' title="bbox 471 3928 625 4002; baseline 0.006 -20"><span class='ocrx_word' id='word_1_199' title='bbox 471 3928 625 4002; x_wconf 77' lang='lat' dir='ltr'><strong>leguntur:</strong></span> 
     </span>
    </p>
   </div>
   <div class='ocr_carea' id='block_1_7' title="bbox 469 4045 971 4157">
    <p class='ocr_par' dir='ltr' id='par_1_8' title="bbox 469 4045 971 4157">
     <span class='ocr_line' id='line_1_34' title="bbox 469 4045 971 4157; baseline 0.006 -29"><span class='ocrx_word' id='word_1_200' title='bbox 469 4067 552 4147; x_wconf 73' lang='lat'>1³21]</span> <span class='ocrx_word' id='word_1_201' title='bbox 607 4045 759 4154; x_wconf 65' lang='grc' dir='ltr'>Ῑῖρχομαι·</span> <span class='ocrx_word' id='word_1_202' title='bbox 778 4066 809 4130; x_wconf 79' lang='grc' dir='ltr'><strong>αι’</strong></span> <span class='ocrx_word' id='word_1_203' title='bbox 824 4072 856 4157; x_wconf 89' lang='grc' dir='ltr'>μ’</span> <span class='ocrx_word' id='word_1_204' title='bbox 875 4067 971 4150; x_wconf 68' lang='grc' dir='ltr'>αύεις,</span> 
     </span>
    </p>
   </div>
   <div class='ocr_carea' id='block_1_8' title="bbox 469 4197 1228 5066">
    <p class='ocr_par' dir='ltr' id='par_1_9' title="bbox 469 4197 1228 5066">
     <span class='ocr_line' id='line_1_35' title="bbox 469 4197 1228 4282; baseline 0.007 -26"><span class='ocrx_word' id='word_1_205' title='bbox 469 4201 492 4256; x_wconf 88' lang='lat' dir='ltr'><strong>si</strong></span> <span class='ocrx_word' id='word_1_206' title='bbox 507 4198 595 4254; x_wconf 79' lang='lat' dir='ltr'><strong>rerba</strong></span> <span class='ocrx_word' id='word_1_207' title='bbox 607 4213 673 4256; x_wconf 89' lang='lat' dir='ltr'><strong>sunt</strong></span> <span class='ocrx_word' id='word_1_208' title='bbox 685 4197 850 4275; x_wconf 73' lang='lat' dir='ltr'><strong>Sophoclis,</strong></span> <span class='ocrx_word' id='word_1_209' title='bbox 865 4219 924 4255; x_wconf 90' lang='lat' dir='ltr'><strong>non</strong></span> <span class='ocrx_word' id='word_1_210' title='bbox 937 4200 1069 4276; x_wconf 77' lang='lat' dir='ltr'><strong>AEschyli.</strong></span> <span class='ocrx_word' id='word_1_211' title='bbox 1085 4207 1228 4282; x_wconf 79' lang='lat' dir='ltr'><strong>Diogenes</strong></span> 
     </span>
     <span class='ocr_line' id='line_1_36' title="bbox 469 4285 1228 4364; baseline 0.014 -23"><span class='ocrx_word' id='word_1_212' title='bbox 469 4287 545 4342; x_wconf 82' lang='lat' dir='ltr'><strong>cuitu</strong></span> <span class='ocrx_word' id='word_1_213' title='bbox 564 4286 594 4343; x_wconf 81' lang='lat' dir='ltr'><strong>rb</strong></span> <span class='ocrx_word' id='word_1_214' title='bbox 608 4289 637 4343; x_wconf 82' lang='grc' dir='ltr'><strong>ἐκ</strong></span> <span class='ocrx_word' id='word_1_215' title='bbox 650 4291 696 4356; x_wconf 69' lang='grc' dir='ltr'><strong>τῆς</strong></span> <span class='ocrx_word' id='word_1_216' title='bbox 717 4285 816 4354; x_wconf 62' lang='lat' dir='ltr'><strong>Naribus</strong></span> <span class='ocrx_word' id='word_1_217' title='bbox 832 4288 880 4344; x_wconf 86' lang='lat' dir='ltr'><strong>ait.</strong></span> <span class='ocrx_word' id='word_1_218' title='bbox 903 4288 1020 4364; x_wconf 83' lang='lat' dir='ltr'><strong>(Eadem</strong></span> <span class='ocrx_word' id='word_1_219' title='bbox 1039 4293 1107 4350; x_wconf 83' lang='lat' dir='ltr'><strong>citat</strong></span> <span class='ocrx_word' id='word_1_220' title='bbox 1126 4295 1228 4352; x_wconf 84' lang='lat' dir='ltr'><strong>Sultlas</strong></span> 
     </span>
     <span class='ocr_line' id='line_1_37' title="bbox 470 4373 1227 4455; baseline 0.015 -27"><span class='ocrx_word' id='word_1_221' title='bbox 470 4375 499 4428; x_wconf 91' lang='lat' dir='ltr'><strong>in</strong></span> <span class='ocrx_word' id='word_1_222' title='bbox 514 4394 540 4430; x_wconf 91' lang='lat' dir='ltr'><strong>v.</strong></span> <span class='ocrx_word' id='word_1_223' title='bbox 559 4373 655 4449; x_wconf 77' lang='grc' dir='ltr'>Αύεις.)</span> <span class='ocrx_word' id='word_1_224' title='bbox 674 4379 708 4432; x_wconf 81' lang='lat' dir='ltr'><strong>Et</strong></span> <span class='ocrx_word' id='word_1_225' title='bbox 729 4376 774 4430; x_wconf 90' lang='lat' dir='ltr'><strong>bic</strong></span> <span class='ocrx_word' id='word_1_226' title='bbox 798 4391 880 4432; x_wconf 87' lang='lat' dir='ltr'><strong>tcrrae</strong></span> <span class='ocrx_word' id='word_1_227' title='bbox 899 4390 991 4434; x_wconf 89' lang='lat' dir='ltr'><strong>motus</strong></span> <span class='ocrx_word' id='word_1_228' title='bbox 1005 4381 1080 4455; x_wconf 90' lang='lat' dir='ltr'><strong>apud</strong></span> <span class='ocrx_word' id='word_1_229' title='bbox 1092 4382 1227 4440; x_wconf 78' lang='lat' dir='ltr'><strong>Pharium</strong></span> 
     </span>
     <span class='ocr_line' id='line_1_38' title="bbox 471 4461 1228 4540; baseline 0.015 -24"><span class='ocrx_word' id='word_1_230' title='bbox 471 4473 513 4517; x_wconf 83' lang='lat' dir='ltr'><strong>est</strong></span> <span class='ocrx_word' id='word_1_231' title='bbox 533 4481 561 4518; x_wconf 87' lang='lat' dir='ltr'><strong>v.</strong></span> <span class='ocrx_word' id='word_1_232' title='bbox 586 4461 762 4528; x_wconf 75' lang='grc' dir='ltr'>Νούακίζεινι</span> <span class='ocrx_word' id='word_1_233' title='bbox 786 4461 816 4518; x_wconf 82' lang='grc' dir='ltr'><strong>τὸ</strong></span> <span class='ocrx_word' id='word_1_234' title='bbox 837 4461 995 4540; x_wconf 75' lang='grc' dir='ltr'>ὀρχούμενον</span> <span class='ocrx_word' id='word_1_235' title='bbox 1016 4476 1069 4531; x_wconf 82' lang='grc' dir='ltr'>τοῖς</span> <span class='ocrx_word' id='word_1_236' title='bbox 1093 4469 1228 4534; x_wconf 84' lang='grc' dir='ltr'>δακτύλοις</span> 
     </span>
     <span class='ocr_line' id='line_1_39' title="bbox 470 4541 1225 4628; baseline 0.015 -25"><span class='ocrx_word' id='word_1_237' title='bbox 470 4549 616 4626; x_wconf 67' lang='grc' dir='ltr'>ἐπιθυμεῖν.</span> <span class='ocrx_word' id='word_1_238' title='bbox 644 4547 755 4623; x_wconf 76' lang='grc' dir='ltr'>Σειομὸς</span> <span class='ocrx_word' id='word_1_239' title='bbox 778 4549 873 4627; x_wconf 55' lang='lat' dir='ltr'><strong>Nutu.</strong></span> <span class='ocrx_word' id='word_1_240' title='bbox 898 4541 1056 4628; x_wconf 72' lang='lat' dir='ltr'><strong>Sophocles</strong></span> <span class='ocrx_word' id='word_1_241' title='bbox 1078 4555 1181 4614; x_wconf 89' lang='lat' dir='ltr'><strong>deiude</strong></span> <span class='ocrx_word' id='word_1_242' title='bbox 1198 4560 1225 4614; x_wconf 89' lang='lat' dir='ltr'><strong>iu</strong></span> 
     </span>
     <span class='ocr_line' id='line_1_40' title="bbox 469 4636 1226 4719; baseline 0.016 -31"><span class='ocrx_word' id='word_1_243' title='bbox 469 4636 591 4709; x_wconf 82' lang='lat' dir='ltr'><strong>Lydiam</strong></span> <span class='ocrx_word' id='word_1_244' title='bbox 618 4657 680 4694; x_wconf 86' lang='lat' dir='ltr'><strong>eam</strong></span> <span class='ocrx_word' id='word_1_245' title='bbox 707 4638 817 4694; x_wconf 82' lang='lat' dir='ltr'><strong>venisse</strong></span> <span class='ocrx_word' id='word_1_246' title='bbox 835 4640 875 4694; x_wconf 89' lang='lat' dir='ltr'><strong>ait</strong></span> <span class='ocrx_word' id='word_1_247' title='bbox 906 4641 1058 4713; x_wconf 72' lang='lat' dir='ltr'><strong>(liustatlr.</strong></span> <span class='ocrx_word' id='word_1_248' title='bbox 1084 4663 1112 4719; x_wconf 85' lang='lat' dir='ltr'><strong>p.</strong></span> <span class='ocrx_word' id='word_1_249' title='bbox 1137 4646 1226 4717; x_wconf 81' lang='lat'><strong>1367,</strong></span> 
     </span>
     <span class='ocr_line' id='line_1_41' title="bbox 471 4725 1227 4808; baseline 0.017 -32"><span class='ocrx_word' id='word_1_250' title='bbox 471 4725 529 4795; x_wconf 79' lang='lat' dir='ltr'><strong>aa),</strong></span> <span class='ocrx_word' id='word_1_251' title='bbox 548 4744 721 4799; x_wconf 82' lang='lat' dir='ltr'><strong>quamquam</strong></span> <span class='ocrx_word' id='word_1_252' title='bbox 735 4745 791 4780; x_wconf 93' lang='lat' dir='ltr'><strong>uon</strong></span> <span class='ocrx_word' id='word_1_253' title='bbox 808 4725 983 4802; x_wconf 74' lang='lat' dir='ltr'><strong>relragabor,</strong></span> <span class='ocrx_word' id='word_1_254' title='bbox 995 4729 1016 4784; x_wconf 85' lang='lat' dir='ltr'><strong>sl</strong></span> <span class='ocrx_word' id='word_1_255' title='bbox 1035 4730 1100 4804; x_wconf 84' lang='lat' dir='ltr'><strong>quis</strong></span> <span class='ocrx_word' id='word_1_256' title='bbox 1114 4745 1227 4808; x_wconf 83' lang='lat' dir='ltr'><strong>optasse</strong></span> 
     </span>
     <span class='ocr_line' id='line_1_42' title="bbox 470 4808 1226 4890; baseline 0.019 -26"><span class='ocrx_word' id='word_1_257' title='bbox 470 4808 546 4866; x_wconf 86' lang='lat' dir='ltr'><strong>illam</strong></span> <span class='ocrx_word' id='word_1_258' title='bbox 557 4825 680 4878; x_wconf 83' lang='lat' dir='ltr'><strong>censeat,</strong></span> <span class='ocrx_word' id='word_1_259' title='bbox 695 4826 725 4866; x_wconf 92' lang='lat' dir='ltr'><strong>ut</strong></span> <span class='ocrx_word' id='word_1_260' title='bbox 737 4812 920 4890; x_wconf 82' lang='lat' dir='ltr'><strong>abriperetur</strong></span> <span class='ocrx_word' id='word_1_261' title='bbox 931 4815 965 4870; x_wconf 89' lang='lat' dir='ltr'><strong>ad</strong></span> <span class='ocrx_word' id='word_1_262' title='bbox 979 4818 1143 4890; x_wconf 84' lang='lat' dir='ltr'><strong>pernicicm.</strong></span> <span class='ocrx_word' id='word_1_263' title='bbox 1153 4820 1226 4879; x_wconf 85' lang='lat' dir='ltr'><strong>Plut.</strong></span> 
     </span>
     <span class='ocr_line' id='line_1_43' title="bbox 469 4899 1226 4978; baseline 0.011 -24"><span class='ocrx_word' id='word_1_264' title='bbox 469 4899 583 4955; x_wconf 75' lang='lat' dir='ltr'><strong>(ltrrrsol.</strong></span> <span class='ocrx_word' id='word_1_265' title='bbox 597 4899 632 4956; x_wconf 89' lang='lat' dir='ltr'><strong>ad</strong></span> <span class='ocrx_word' id='word_1_266' title='bbox 647 4901 742 4976; x_wconf 81' lang='lat' dir='ltr'><strong>Apoll.</strong></span> <span class='ocrx_word' id='word_1_267' title='bbox 758 4908 804 4958; x_wconf 73' lang='grc' dir='ltr'><strong>αθ.</strong></span> <span class='ocrx_word' id='word_1_268' title='bbox 819 4906 918 4978; x_wconf 89' lang='lat' dir='ltr'><strong>ltaque</strong></span> <span class='ocrx_word' id='word_1_269' title='bbox 931 4904 1066 4978; x_wconf 82' lang='lat' dir='ltr'><strong>Sophocli</strong></span> <span class='ocrx_word' id='word_1_270' title='bbox 1081 4907 1226 4964; x_wconf 75' lang='lat' dir='ltr'><strong>suffecisse.</strong></span> 
     </span>
     <span class='ocr_line' id='line_1_44' title="bbox 471 4987 1226 5066; baseline 0.021 -31"><span class='ocrx_word' id='word_1_271' title='bbox 471 4987 629 5058; x_wconf 87' lang='lat' dir='ltr'><strong>putandum</strong></span> <span class='ocrx_word' id='word_1_272' title='bbox 643 5001 684 5044; x_wconf 85' lang='lat' dir='ltr'><strong>est</strong></span> <span class='ocrx_word' id='word_1_273' title='bbox 696 4989 868 5052; x_wconf 81' lang='lat' dir='ltr'><strong>ostendisse,</strong></span> <span class='ocrx_word' id='word_1_274' title='bbox 883 4991 1030 5066; x_wconf 86' lang='lat' dir='ltr'><strong>quotnodo</strong></span> <span class='ocrx_word' id='word_1_275' title='bbox 1042 4993 1136 5050; x_wconf 87' lang='lat' dir='ltr'><strong>Nioba</strong></span> <span class='ocrx_word' id='word_1_276' title='bbox 1150 5016 1226 5052; x_wconf 83' lang='lat' dir='ltr'><strong>suur-</strong></span> 
     </span>
    </p>
   </div>
   <div class='ocr_carea' id='block_1_9' title="bbox 1007 771 1484 831">
    <p class='ocr_par' dir='ltr' id='par_1_10' title="bbox 1007 771 1484 831">
     <span class='ocr_line' id='line_1_45' title="bbox 1007 771 1484 831; baseline -0.004 -2"><span class='ocrx_word' id='word_1_277' title='bbox 1007 772 1216 831; x_wconf 80' lang='lat' dir='ltr'><strong>SOl&#39;llOCLlS</strong></span> <span class='ocrx_word' id='word_1_278' title='bbox 1240 771 1484 831; x_wconf 76' lang='lat' dir='ltr'><strong>FRAGMENTA.</strong></span> 
     </span>
    </p>
   </div>
   <div class='ocr_carea' id='block_1_10' title="bbox 1276 900 2012 3866">
    <p class='ocr_par' dir='ltr' id='par_1_11' title="bbox 1276 900 2011 1414">
     <span class='ocr_line' id='line_1_46' title="bbox 1277 900 2007 981; baseline 0.005 -26"><span class='ocrx_word' id='word_1_279' title='bbox 1277 920 1323 955; x_wconf 90' lang='lat' dir='ltr'><strong>mu</strong></span> <span class='ocrx_word' id='word_1_280' title='bbox 1339 900 1438 957; x_wconf 86' lang='lat' dir='ltr'><strong>dolore</strong></span> <span class='ocrx_word' id='word_1_281' title='bbox 1457 902 1562 959; x_wconf 84' lang='lat' dir='ltr'><strong>alllicta</strong></span> <span class='ocrx_word' id='word_1_282' title='bbox 1578 904 1698 979; x_wconf 88' lang='lat' dir='ltr'><strong>patriam</strong></span> <span class='ocrx_word' id='word_1_283' title='bbox 1720 904 1749 960; x_wconf 93' lang='lat' dir='ltr'><strong>in</strong></span> <span class='ocrx_word' id='word_1_284' title='bbox 1765 903 1885 981; x_wconf 86' lang='lat' dir='ltr'><strong>lapidera</strong></span> <span class='ocrx_word' id='word_1_285' title='bbox 1899 905 2007 961; x_wconf 88' lang='lat' dir='ltr'><strong>obdtua-</strong></span> 
     </span>
     <span class='ocr_line' id='line_1_47' title="bbox 1278 990 2009 1067; baseline 0.005 -24"><span class='ocrx_word' id='word_1_286' title='bbox 1278 1000 1340 1044; x_wconf 92' lang='lat' dir='ltr'><strong>tura</strong></span> <span class='ocrx_word' id='word_1_287' title='bbox 1363 1001 1520 1065; x_wconf 82' lang='lat' dir='ltr'><strong>repeteret,</strong></span> <span class='ocrx_word' id='word_1_288' title='bbox 1546 1010 1640 1065; x_wconf 80' lang='lat' dir='ltr'><strong>neque</strong></span> <span class='ocrx_word' id='word_1_289' title='bbox 1661 1010 1729 1047; x_wconf 87' lang='lat' dir='ltr'><strong>vero</strong></span> <span class='ocrx_word' id='word_1_290' title='bbox 1760 990 1815 1047; x_wconf 90' lang='lat' dir='ltr'><strong>boe</strong></span> <span class='ocrx_word' id='word_1_291' title='bbox 1839 992 1940 1067; x_wconf 85' lang='lat' dir='ltr'><strong>ipsum,</strong></span> <span class='ocrx_word' id='word_1_292' title='bbox 1963 1014 2009 1067; x_wconf 84' lang='grc' dir='ltr'>ηιιο</span> 
     </span>
     <span class='ocr_line' id='line_1_48' title="bbox 1276 1074 2010 1149; baseline 0.005 -20"><span class='ocrx_word' id='word_1_293' title='bbox 1276 1074 1422 1131; x_wconf 82' lang='lat' dir='ltr'><strong>auditores</strong></span> <span class='ocrx_word' id='word_1_294' title='bbox 1446 1076 1639 1133; x_wconf 86' lang='lat' dir='ltr'><strong>vehementius</strong></span> <span class='ocrx_word' id='word_1_295' title='bbox 1662 1082 2010 1149; x_wconf 57' lang='grc' dir='ltr'>οιιιιιιιιοιόιϊιιιιιιμνιιιί-</span> 
     </span>
     <span class='ocr_line' id='line_1_49' title="bbox 1277 1152 2010 1238; baseline 0.011 -20"><span class='ocrx_word' id='word_1_296' title='bbox 1277 1162 1330 1218; x_wconf 89' lang='lat' dir='ltr'><strong>bus</strong></span> <span class='ocrx_word' id='word_1_297' title='bbox 1342 1162 1506 1238; x_wconf 86' lang='lat' dir='ltr'><strong>expositum</strong></span> <span class='ocrx_word' id='word_1_298' title='bbox 1520 1182 1591 1220; x_wconf 80' lang='lat' dir='ltr'><strong>esse.</strong></span> <span class='ocrx_word' id='word_1_299' title='bbox 1611 1163 1687 1234; x_wconf 88' lang='lat' dir='ltr'><strong>Quid</strong></span> <span class='ocrx_word' id='word_1_300' title='bbox 1703 1152 1796 1221; x_wconf 88' lang='lat' dir='ltr'><strong>taineu</strong></span> <span class='ocrx_word' id='word_1_301' title='bbox 1813 1166 1935 1222; x_wconf 87' lang='lat' dir='ltr'><strong>sutorum</strong></span> <span class='ocrx_word' id='word_1_302' title='bbox 1945 1180 2010 1225; x_wconf 69' lang='lat' dir='ltr'><strong>esset.</strong></span> 
     </span>
     <span class='ocr_line' id='line_1_50' title="bbox 1279 1248 2011 1329; baseline 0.003 -26"><span class='ocrx_word' id='word_1_303' title='bbox 1279 1261 1363 1325; x_wconf 86' lang='lat' dir='ltr'><strong>poeta</strong></span> <span class='ocrx_word' id='word_1_304' title='bbox 1382 1249 1450 1305; x_wconf 83' lang='lat' dir='ltr'><strong>&#39;satis</strong></span> <span class='ocrx_word' id='word_1_305' title='bbox 1472 1248 1623 1325; x_wconf 77' lang='lat' dir='ltr'><strong>indicavit,</strong></span> <span class='ocrx_word' id='word_1_306' title='bbox 1639 1250 1663 1307; x_wconf 90' lang='lat' dir='ltr'><strong>si</strong></span> <span class='ocrx_word' id='word_1_307' title='bbox 1683 1248 1776 1307; x_wconf 86' lang='lat' dir='ltr'><strong>Nioba</strong></span> <span class='ocrx_word' id='word_1_308' title='bbox 1790 1262 1915 1328; x_wconf 84' lang='lat' dir='ltr'><strong>optaret,</strong></span> <span class='ocrx_word' id='word_1_309' title='bbox 1930 1266 1956 1309; x_wconf 94' lang='lat' dir='ltr'><strong>ut</strong></span> <span class='ocrx_word' id='word_1_310' title='bbox 1973 1273 2011 1329; x_wconf 84' lang='lat' dir='ltr'><strong>per</strong></span> 
     </span>
     <span class='ocr_line' id='line_1_51' title="bbox 1277 1336 1756 1414; baseline 0.004 -23"><span class='ocrx_word' id='word_1_311' title='bbox 1277 1355 1370 1393; x_wconf 89' lang='lat' dir='ltr'><strong>aerem</strong></span> <span class='ocrx_word' id='word_1_312' title='bbox 1388 1336 1416 1393; x_wconf 91' lang='lat' dir='ltr'><strong>in</strong></span> <span class='ocrx_word' id='word_1_313' title='bbox 1432 1336 1551 1411; x_wconf 80' lang='lat' dir='ltr'><strong>Lydiam</strong></span> <span class='ocrx_word' id='word_1_314' title='bbox 1566 1336 1756 1414; x_wconf 83' lang='lat' dir='ltr'><strong>abriperetur.</strong></span> 
     </span>
    </p>

    <p class='ocr_par' dir='ltr' id='par_1_12' title="bbox 1277 1425 2012 3074">
     <span class='ocr_line' id='line_1_52' title="bbox 1317 1425 2009 1502; baseline -0.001 -21"><span class='ocrx_word' id='word_1_315' title='bbox 1317 1428 1389 1481; x_wconf 86' lang='lat' dir='ltr'><strong>Sunt</strong></span> <span class='ocrx_word' id='word_1_316' title='bbox 1410 1438 1545 1500; x_wconf 78' lang='lat' dir='ltr'><strong>preterea</strong></span> <span class='ocrx_word' id='word_1_317' title='bbox 1564 1426 1616 1481; x_wconf 92' lang='lat' dir='ltr'><strong>tria</strong></span> <span class='ocrx_word' id='word_1_318' title='bbox 1640 1425 1813 1501; x_wconf 73' lang='lat' dir='ltr'><strong>fragmenta,</strong></span> <span class='ocrx_word' id='word_1_319' title='bbox 1837 1446 1898 1502; x_wconf 75' lang='lat' dir='ltr'><strong>qua</strong></span> <span class='ocrx_word' id='word_1_320' title='bbox 1917 1446 1965 1481; x_wconf 89' lang='lat' dir='ltr'><strong>non</strong></span> <span class='ocrx_word' id='word_1_321' title='bbox 1984 1426 2009 1481; x_wconf 70' lang='lat' dir='ltr'><strong>ita</strong></span> 
     </span>
     <span class='ocr_line' id='line_1_53' title="bbox 1278 1511 2011 1590; baseline 0.004 -22"><span class='ocrx_word' id='word_1_322' title='bbox 1278 1512 1360 1568; x_wconf 80' lang='lat' dir='ltr'><strong>facile</strong></span> <span class='ocrx_word' id='word_1_323' title='bbox 1382 1511 1499 1587; x_wconf 82' lang='lat' dir='ltr'><strong>dixeris,</strong></span> <span class='ocrx_word' id='word_1_324' title='bbox 1516 1533 1574 1587; x_wconf 90' lang='lat' dir='ltr'><strong>quo</strong></span> <span class='ocrx_word' id='word_1_325' title='bbox 1593 1514 1765 1590; x_wconf 83' lang='lat' dir='ltr'><strong>pertincant.</strong></span> <span class='ocrx_word' id='word_1_326' title='bbox 1780 1516 1935 1588; x_wconf 64' lang='lat' dir='ltr'><strong>Harpocm</strong></span> <span class='ocrx_word' id='word_1_327' title='bbox 1946 1512 2011 1587; x_wconf 57' lang='grc' dir='ltr'><strong>[ιιιΔ</strong></span> 
     </span>
     <span class='ocr_line' id='line_1_54' title="bbox 1278 1598 2011 1678; baseline 0.001 -24"><span class='ocrx_word' id='word_1_328' title='bbox 1278 1598 1452 1677; x_wconf 72' lang='grc' dir='ltr'>ιδεμμιστῆς·</span> <span class='ocrx_word' id='word_1_329' title='bbox 1465 1626 1476 1651; x_wconf 82' lang='grc' dir='ltr'>υ</span> <span class='ocrx_word' id='word_1_330' title='bbox 1490 1600 1603 1676; x_wconf 78' lang='grc' dir='ltr'>Δίδυμος</span> <span class='ocrx_word' id='word_1_331' title='bbox 1617 1598 1663 1678; x_wconf 76' lang='grc' dir='ltr'>μὲν</span> <span class='ocrx_word' id='word_1_332' title='bbox 1680 1600 1826 1657; x_wconf 72' lang='grc' dir='ltr'>ἀποδίδωσι</span> <span class='ocrx_word' id='word_1_333' title='bbox 1843 1600 1890 1669; x_wconf 70' lang='grc' dir='ltr'><strong>τὴν</strong></span> <span class='ocrx_word' id='word_1_334' title='bbox 1909 1603 2011 1668; x_wconf 74' lang='grc' dir='ltr'>σκώληκα</span> 
     </span>
     <span class='ocr_line' id='line_1_55' title="bbox 1277 1682 2012 1767; baseline 0 -26"><span class='ocrx_word' id='word_1_335' title='bbox 1277 1682 1345 1741; x_wconf 80' lang='grc' dir='ltr'>οὕτω</span> <span class='ocrx_word' id='word_1_336' title='bbox 1366 1684 1484 1761; x_wconf 78' lang='grc' dir='ltr'>λέγεσθαι</span> <span class='ocrx_word' id='word_1_337' title='bbox 1498 1688 1536 1766; x_wconf 81' lang='grc' dir='ltr'><strong>τῷ</strong></span> <span class='ocrx_word' id='word_1_338' title='bbox 1558 1688 1686 1767; x_wconf 66' lang='grc' dir='ltr'>Σοφοκλεῖ</span> <span class='ocrx_word' id='word_1_339' title='bbox 1707 1688 1732 1743; x_wconf 75' lang='lat' dir='ltr'><strong>lu</strong></span> <span class='ocrx_word' id='word_1_340' title='bbox 1756 1685 1851 1763; x_wconf 75' lang='grc' dir='ltr'>Νιόύη.</span> <span class='ocrx_word' id='word_1_341' title='bbox 1872 1686 2012 1765; x_wconf 64' lang='grc' dir='ltr'>’λρίσταςγις</span> 
     </span>
     <span class='ocr_line' id='line_1_56' title="bbox 1278 1768 2009 1855; baseline 0 -28"><span class='ocrx_word' id='word_1_342' title='bbox 1278 1768 1352 1829; x_wconf 78' lang='grc' dir='ltr'>δὲτὸ</span> <span class='ocrx_word' id='word_1_343' title='bbox 1379 1774 1535 1852; x_wconf 75' lang='grc' dir='ltr'>Σοφόκλειον</span> <span class='ocrx_word' id='word_1_344' title='bbox 1558 1772 1728 1851; x_wconf 75' lang='grc' dir='ltr'>ἐξηγούμενος</span> <span class='ocrx_word' id='word_1_345' title='bbox 1750 1772 1793 1830; x_wconf 80' lang='grc' dir='ltr'><strong>τὸν</strong></span> <span class='ocrx_word' id='word_1_346' title='bbox 1821 1773 1880 1855; x_wconf 62' lang='lat' dir='ltr'><strong>opu</strong></span> <span class='ocrx_word' id='word_1_347' title='bbox 1907 1774 2009 1831; x_wconf 72' lang='lat' dir='ltr'><strong>dalion.</strong></span> 
     </span>
     <span class='ocr_line' id='line_1_57' title="bbox 1280 1857 2011 1941; baseline 0.004 -27"><span class='ocrx_word' id='word_1_348' title='bbox 1280 1857 1390 1928; x_wconf 85' lang='grc' dir='ltr'>Μήποτε</span> <span class='ocrx_word' id='word_1_349' title='bbox 1406 1859 1433 1917; x_wconf 80' lang='grc' dir='ltr'><strong>δὲ</strong></span> <span class='ocrx_word' id='word_1_350' title='bbox 1449 1863 1548 1936; x_wconf 78' lang='grc' dir='ltr'>μᾶλλον</span> <span class='ocrx_word' id='word_1_351' title='bbox 1563 1858 1593 1918; x_wconf 68' lang='grc' dir='ltr'><strong>ἂν</strong></span> <span class='ocrx_word' id='word_1_352' title='bbox 1614 1858 1684 1927; x_wconf 82' lang='grc' dir='ltr'>ὅστις</span> <span class='ocrx_word' id='word_1_353' title='bbox 1698 1860 1731 1918; x_wconf 71' lang='grc' dir='ltr'><strong>τὰ</strong></span> <span class='ocrx_word' id='word_1_354' title='bbox 1746 1860 1865 1941; x_wconf 79' lang='grc' dir='ltr'>δέρματα</span> <span class='ocrx_word' id='word_1_355' title='bbox 1880 1860 1950 1918; x_wconf 71' lang='lat' dir='ltr'><strong>tella</strong></span> <span class='ocrx_word' id='word_1_356' title='bbox 1966 1860 2011 1937; x_wconf 76' lang='grc' dir='ltr'>δερ-</span> 
     </span>
     <span class='ocr_line' id='line_1_58' title="bbox 1280 1946 2012 2025; baseline 0.005 -22"><span class='ocrx_word' id='word_1_357' title='bbox 1280 1946 1381 2021; x_wconf 79' lang='grc' dir='ltr'>μιοτής.</span> <span class='ocrx_word' id='word_1_358' title='bbox 1396 1948 1437 2007; x_wconf 79' lang='lat' dir='ltr'><strong>Cs.</strong></span> <span class='ocrx_word' id='word_1_359' title='bbox 1451 1949 1530 2006; x_wconf 82' lang='lat' dir='ltr'><strong>l&#39;bot.</strong></span> <span class='ocrx_word' id='word_1_360' title='bbox 1543 1970 1569 2025; x_wconf 94' lang='lat' dir='ltr'><strong>p.</strong></span> <span class='ocrx_word' id='word_1_361' title='bbox 1588 1950 1653 2024; x_wconf 78' lang='lat'><strong>393,</strong></span> <span class='ocrx_word' id='word_1_362' title='bbox 1669 1952 1696 2015; x_wconf 77' lang='lat'><strong>3,</strong></span> <span class='ocrx_word' id='word_1_363' title='bbox 1709 1950 1795 2007; x_wconf 80' lang='lat' dir='ltr'><strong>nell.</strong></span> <span class='ocrx_word' id='word_1_364' title='bbox 1808 1948 1914 2007; x_wconf 80' lang='lat' dir='ltr'><strong>Anecd.</strong></span> <span class='ocrx_word' id='word_1_365' title='bbox 1926 1970 1949 2025; x_wconf 91' lang='lat' dir='ltr'><strong>p.</strong></span> <span class='ocrx_word' id='word_1_366' title='bbox 1961 1958 2012 2011; x_wconf 67' lang='lat' dir='ltr'><strong>alo.</strong></span> 
     </span>
     <span class='ocr_line' id='line_1_59' title="bbox 1284 2034 2010 2113; baseline 0 -26"><span class='ocrx_word' id='word_1_367' title='bbox 1284 2042 1327 2099; x_wconf 74' lang='lat' dir='ltr'><strong>td.</strong></span> <span class='ocrx_word' id='word_1_368' title='bbox 1354 2036 1448 2094; x_wconf 85' lang='lat' dir='ltr'><strong>Sclrol.</strong></span> <span class='ocrx_word' id='word_1_369' title='bbox 1466 2034 1502 2093; x_wconf 92' lang='lat' dir='ltr'><strong>ad</strong></span> <span class='ocrx_word' id='word_1_370' title='bbox 1536 2036 1610 2095; x_wconf 89' lang='lat' dir='ltr'><strong>OEd.</strong></span> <span class='ocrx_word' id='word_1_371' title='bbox 1637 2036 1698 2095; x_wconf 87' lang='lat' dir='ltr'><strong>Col.</strong></span> <span class='ocrx_word' id='word_1_372' title='bbox 1724 2036 1780 2101; x_wconf 67' lang='grc'><strong>684</strong></span> <span class='ocrx_word' id='word_1_373' title='bbox 1799 2058 1805 2093; x_wconf 91' lang='lat'><strong>:</strong></span> <span class='ocrx_word' id='word_1_374' title='bbox 1824 2035 1905 2113; x_wconf 70' lang='lat'>[328]</span> <span class='ocrx_word' id='word_1_375' title='bbox 1926 2036 2010 2099; x_wconf 70' lang='lat' dir='ltr'><strong>llirri,</strong></span> 
     </span>
     <span class='ocr_line' id='line_1_60' title="bbox 1280 2120 2011 2203; baseline -0.005 -24"><span class='ocrx_word' id='word_1_376' title='bbox 1280 2122 1304 2179; x_wconf 85' lang='lat' dir='ltr'>N</span> <span class='ocrx_word' id='word_1_377' title='bbox 1308 2120 1365 2199; x_wconf 77' lang='grc' dir='ltr'>ια’ύη</span> <span class='ocrx_word' id='word_1_378' title='bbox 1380 2126 1394 2181; x_wconf 82' lang='grc' dir='ltr'>θ</span> <span class='ocrx_word' id='word_1_379' title='bbox 1407 2124 1541 2203; x_wconf 66' lang='grc' dir='ltr'>Σοφοκλῆς</span> <span class='ocrx_word' id='word_1_380' title='bbox 1556 2121 1599 2180; x_wconf 81' lang='grc' dir='ltr'><strong>τὸν</strong></span> <span class='ocrx_word' id='word_1_381' title='bbox 1619 2122 1712 2203; x_wconf 78' lang='grc' dir='ltr'>κρίκον</span> <span class='ocrx_word' id='word_1_382' title='bbox 1726 2123 1893 2203; x_wconf 76' lang='grc' dir='ltr'>ἄντικρυςτῇ</span> <span class='ocrx_word' id='word_1_383' title='bbox 1914 2122 2011 2195; x_wconf 55' lang='lat' dir='ltr'><strong>dipem</strong></span> 
     </span>
     <span class='ocr_line' id='line_1_61' title="bbox 1279 2209 2009 2288; baseline 0 -24"><span class='ocrx_word' id='word_1_384' title='bbox 1279 2209 1434 2269; x_wconf 82' lang='grc' dir='ltr'>ἀνατίθεται.</span> <span class='ocrx_word' id='word_1_385' title='bbox 1449 2212 1573 2269; x_wconf 84' lang='lat' dir='ltr'><strong>Facilior</strong></span> <span class='ocrx_word' id='word_1_386' title='bbox 1587 2225 1630 2268; x_wconf 88' lang='lat' dir='ltr'><strong>est</strong></span> <span class='ocrx_word' id='word_1_387' title='bbox 1651 2212 1817 2288; x_wconf 86' lang='lat' dir='ltr'><strong>conjectura</strong></span> <span class='ocrx_word' id='word_1_388' title='bbox 1831 2214 1866 2269; x_wconf 92' lang='lat' dir='ltr'><strong>de</strong></span> <span class='ocrx_word' id='word_1_389' title='bbox 1883 2214 1940 2269; x_wconf 90' lang='lat' dir='ltr'><strong>loco</strong></span> <span class='ocrx_word' id='word_1_390' title='bbox 1953 2210 2009 2285; x_wconf 85' lang='lat' dir='ltr'><strong>apul</strong></span> 
     </span>
     <span class='ocr_line' id='line_1_62' title="bbox 1280 2296 2010 2377; baseline 0.004 -25"><span class='ocrx_word' id='word_1_391' title='bbox 1280 2296 1382 2355; x_wconf 86' lang='lat' dir='ltr'><strong>Athen.</strong></span> <span class='ocrx_word' id='word_1_392' title='bbox 1397 2301 1444 2369; x_wconf 91' lang='lat' dir='ltr'><strong>lV,</strong></span> <span class='ocrx_word' id='word_1_393' title='bbox 1453 2320 1480 2375; x_wconf 93' lang='lat' dir='ltr'><strong>p.</strong></span> <span class='ocrx_word' id='word_1_394' title='bbox 1498 2302 1561 2369; x_wconf 74' lang='lat'><strong>176,</strong></span> <span class='ocrx_word' id='word_1_395' title='bbox 1570 2304 1607 2357; x_wconf 77' lang='lat' dir='ltr'><strong>t&#39;:</strong></span> <span class='ocrx_word' id='word_1_396' title='bbox 1620 2298 1775 2377; x_wconf 72' lang='lat' dir='ltr'><strong>[32l]&#39;l&#39;ol›;</strong></span> <span class='ocrx_word' id='word_1_397' title='bbox 1784 2330 1794 2350; x_wconf 75' lang='grc' dir='ltr'>ι</span> <span class='ocrx_word' id='word_1_398' title='bbox 1804 2302 1912 2375; x_wconf 78' lang='grc' dir='ltr'>ἐλύμους</span> <span class='ocrx_word' id='word_1_399' title='bbox 1921 2296 2010 2355; x_wconf 70' lang='grc' dir='ltr'>αὐλούς·</span> 
     </span>
     <span class='ocr_line' id='line_1_63' title="bbox 1279 2374 2010 2467; baseline -0.004 -27"><span class='ocrx_word' id='word_1_400' title='bbox 1279 2374 1314 2440; x_wconf 71' lang='grc' dir='ltr'><strong>ὧν</strong></span> <span class='ocrx_word' id='word_1_401' title='bbox 1335 2385 1491 2461; x_wconf 77' lang='grc' dir='ltr'>μνημονεύει</span> <span class='ocrx_word' id='word_1_402' title='bbox 1510 2387 1647 2467; x_wconf 71' lang='grc' dir='ltr'>Σοφοκλῆς</span> <span class='ocrx_word' id='word_1_403' title='bbox 1661 2389 1686 2444; x_wconf 81' lang='grc' dir='ltr'><strong>ἐν</strong></span> <span class='ocrx_word' id='word_1_404' title='bbox 1704 2386 1788 2467; x_wconf 56' lang='lat' dir='ltr'><strong>Nelea]</strong></span> <span class='ocrx_word' id='word_1_405' title='bbox 1806 2410 1835 2445; x_wconf 85' lang='grc' dir='ltr'><strong>τε</strong></span> <span class='ocrx_word' id='word_1_406' title='bbox 1855 2390 1900 2443; x_wconf 71' lang='grc' dir='ltr'><strong>κάν</strong></span> <span class='ocrx_word' id='word_1_407' title='bbox 1916 2388 2010 2457; x_wconf 62' lang='lat' dir='ltr'><strong>&#39;luftau</strong></span> 
     </span>
     <span class='ocr_line' id='line_1_64' title="bbox 1279 2464 2010 2549; baseline 0.003 -23"><span class='ocrx_word' id='word_1_408' title='bbox 1279 2480 1388 2541; x_wconf 83' lang='grc' dir='ltr'>νισταῐς,</span> <span class='ocrx_word' id='word_1_409' title='bbox 1414 2476 1461 2531; x_wconf 79' lang='grc' dir='ltr'><strong>οὐκ</strong></span> <span class='ocrx_word' id='word_1_410' title='bbox 1482 2474 1575 2539; x_wconf 78' lang='grc' dir='ltr'>ἄλλους</span> <span class='ocrx_word' id='word_1_411' title='bbox 1597 2472 1669 2539; x_wconf 72' lang='grc' dir='ltr'>τινας</span> <span class='ocrx_word' id='word_1_412' title='bbox 1692 2464 1758 2531; x_wconf 77' lang='grc' dir='ltr'>εἶναι</span> <span class='ocrx_word' id='word_1_413' title='bbox 1786 2474 1910 2549; x_wconf 74' lang='grc' dir='ltr'>ἀκούομεν</span> <span class='ocrx_word' id='word_1_414' title='bbox 1933 2472 1948 2541; x_wconf 77' lang='lat' dir='ltr'><strong>i,</strong></span> <span class='ocrx_word' id='word_1_415' title='bbox 1969 2472 2010 2528; x_wconf 63' lang='lat' dir='ltr'><strong>ui:</strong></span> 
     </span>
     <span class='ocr_line' id='line_1_65' title="bbox 1280 2558 2011 2635; baseline -0.003 -21"><span class='ocrx_word' id='word_1_416' title='bbox 1280 2559 1420 2635; x_wconf 79' lang='grc' dir='ltr'>Φρυγίους.</span> <span class='ocrx_word' id='word_1_417' title='bbox 1435 2560 1527 2617; x_wconf 86' lang='lat' dir='ltr'><strong>Facile</strong></span> <span class='ocrx_word' id='word_1_418' title='bbox 1547 2560 1615 2617; x_wconf 87' lang='lat' dir='ltr'><strong>inde</strong></span> <span class='ocrx_word' id='word_1_419' title='bbox 1628 2562 1783 2618; x_wconf 87' lang='lat' dir='ltr'><strong>concludas</strong></span> <span class='ocrx_word' id='word_1_420' title='bbox 1796 2564 1883 2619; x_wconf 87' lang='lat' dir='ltr'><strong>luisse</strong></span> <span class='ocrx_word' id='word_1_421' title='bbox 1903 2558 2011 2617; x_wconf 69' lang='lat' dir='ltr'><strong>tnultern</strong></span> 
     </span>
     <span class='ocr_line' id='line_1_66' title="bbox 1281 2648 2009 2726; baseline -0.005 -23"><span class='ocrx_word' id='word_1_422' title='bbox 1281 2648 1388 2721; x_wconf 86' lang='lat' dir='ltr'><strong>Lydas,</strong></span> <span class='ocrx_word' id='word_1_423' title='bbox 1401 2668 1465 2724; x_wconf 81' lang='lat' dir='ltr'><strong>quae</strong></span> <span class='ocrx_word' id='word_1_424' title='bbox 1486 2650 1606 2706; x_wconf 86' lang='lat' dir='ltr'><strong>chorum</strong></span> <span class='ocrx_word' id='word_1_425' title='bbox 1621 2650 1845 2726; x_wconf 84' lang='lat' dir='ltr'><strong>composuerint.</strong></span> <span class='ocrx_word' id='word_1_426' title='bbox 1868 2654 1963 2705; x_wconf 87' lang='lat' dir='ltr'><strong>Verum</strong></span> <span class='ocrx_word' id='word_1_427' title='bbox 1983 2658 2009 2699; x_wconf 93' lang='lat' dir='ltr'><strong>u·</strong></span> 
     </span>
     <span class='ocr_line' id='line_1_67' title="bbox 1281 2734 2010 2813; baseline -0.005 -23"><span class='ocrx_word' id='word_1_428' title='bbox 1281 2734 1342 2791; x_wconf 90' lang='lat' dir='ltr'><strong>bias</strong></span> <span class='ocrx_word' id='word_1_429' title='bbox 1364 2737 1500 2812; x_wconf 78' lang='lat' dir='ltr'><strong>Phrygias</strong></span> <span class='ocrx_word' id='word_1_430' title='bbox 1521 2738 1618 2813; x_wconf 91' lang='lat' dir='ltr'><strong>potius</strong></span> <span class='ocrx_word' id='word_1_431' title='bbox 1637 2750 1873 2795; x_wconf 85' lang='lat' dir='ltr'><strong>commemoratas</strong></span> <span class='ocrx_word' id='word_1_432' title='bbox 1895 2736 2010 2811; x_wconf 72' lang='lat' dir='ltr'><strong>suspiro.</strong></span> 
     </span>
     <span class='ocr_line' id='line_1_68' title="bbox 1281 2823 2010 2902; baseline -0.008 -26"><span class='ocrx_word' id='word_1_433' title='bbox 1281 2834 1312 2877; x_wconf 91' lang='lat' dir='ltr'><strong>ut</strong></span> <span class='ocrx_word' id='word_1_434' title='bbox 1334 2823 1498 2882; x_wconf 83' lang='lat' dir='ltr'><strong>solemnitas</strong></span> <span class='ocrx_word' id='word_1_435' title='bbox 1527 2825 1675 2902; x_wconf 86' lang='lat' dir='ltr'><strong>pietasque</strong></span> <span class='ocrx_word' id='word_1_436' title='bbox 1701 2845 1818 2896; x_wconf 90' lang='lat' dir='ltr'><strong>eorum,</strong></span> <span class='ocrx_word' id='word_1_437' title='bbox 1848 2825 1895 2901; x_wconf 84' lang='lat' dir='ltr'><strong>qui</strong></span> <span class='ocrx_word' id='word_1_438' title='bbox 1918 2828 2010 2879; x_wconf 79' lang='lat' dir='ltr'><strong>latona·</strong></span> 
     </span>
     <span class='ocr_line' id='line_1_69' title="bbox 1280 2910 2009 2989; baseline -0.004 -25"><span class='ocrx_word' id='word_1_439' title='bbox 1280 2910 1495 2986; x_wconf 83' lang='lat' dir='ltr'><strong>supplicabant,</strong></span> <span class='ocrx_word' id='word_1_440' title='bbox 1507 2913 1595 2988; x_wconf 80' lang='lat' dir='ltr'><strong>magis</strong></span> <span class='ocrx_word' id='word_1_441' title='bbox 1607 2924 1776 2989; x_wconf 80' lang='lat' dir='ltr'><strong>appareret3</strong></span> <span class='ocrx_word' id='word_1_442' title='bbox 1787 2914 1908 2987; x_wconf 83' lang='lat' dir='ltr'><strong>satisque</strong></span> <span class='ocrx_word' id='word_1_443' title='bbox 1921 2924 2009 2967; x_wconf 71' lang='lat' dir='ltr'><strong>consu</strong></span> 
     </span>
     <span class='ocr_line' id='line_1_70' title="bbox 1283 2994 1887 3074; baseline 0.007 -25"><span class='ocrx_word' id='word_1_444' title='bbox 1283 2994 1364 3052; x_wconf 88' lang='lat' dir='ltr'><strong>tibias</strong></span> <span class='ocrx_word' id='word_1_445' title='bbox 1378 2998 1514 3074; x_wconf 77' lang='lat' dir='ltr'><strong>Phrygias</strong></span> <span class='ocrx_word' id='word_1_446' title='bbox 1528 2998 1558 3054; x_wconf 93' lang='lat' dir='ltr'><strong>in</strong></span> <span class='ocrx_word' id='word_1_447' title='bbox 1571 3002 1656 3056; x_wconf 87' lang='lat' dir='ltr'><strong>sacris</strong></span> <span class='ocrx_word' id='word_1_448' title='bbox 1666 3018 1727 3056; x_wconf 84' lang='lat' dir='ltr'><strong>esse</strong></span> <span class='ocrx_word' id='word_1_449' title='bbox 1738 2998 1887 3056; x_wconf 87' lang='lat' dir='ltr'><strong>adhibitas.</strong></span> 
     </span>
    </p>

    <p class='ocr_par' dir='ltr' id='par_1_13' title="bbox 1280 3080 2010 3866">
     <span class='ocr_line' id='line_1_71' title="bbox 1320 3080 2010 3163; baseline -0.006 -24"><span class='ocrx_word' id='word_1_450' title='bbox 1320 3086 1349 3140; x_wconf 88' lang='lat' dir='ltr'><strong>Si</strong></span> <span class='ocrx_word' id='word_1_451' title='bbox 1365 3086 1510 3161; x_wconf 81' lang='lat' dir='ltr'><strong>tlmplrion</strong></span> <span class='ocrx_word' id='word_1_452' title='bbox 1524 3106 1539 3142; x_wconf 92' lang='lat' dir='ltr'><strong>a</strong></span> <span class='ocrx_word' id='word_1_453' title='bbox 1554 3100 1636 3162; x_wconf 81' lang='grc' dir='ltr'>μουιιι</span> <span class='ocrx_word' id='word_1_454' title='bbox 1654 3087 1729 3143; x_wconf 87' lang='lat' dir='ltr'><strong>inter</strong></span> <span class='ocrx_word' id='word_1_455' title='bbox 1741 3106 1876 3163; x_wconf 82' lang='lat' dir='ltr'><strong>personas</strong></span> <span class='ocrx_word' id='word_1_456' title='bbox 1896 3080 2010 3157; x_wconf 66' lang='lat' dir='ltr'><strong>tragmlie</strong></span> 
     </span>
     <span class='ocr_line' id='line_1_72' title="bbox 1282 3170 2010 3250; baseline 0.001 -22"><span class='ocrx_word' id='word_1_457' title='bbox 1282 3186 1414 3250; x_wconf 86' lang='lat' dir='ltr'><strong>receptus</strong></span> <span class='ocrx_word' id='word_1_458' title='bbox 1434 3187 1490 3242; x_wconf 83' lang='lat' dir='ltr'><strong>est,</strong></span> <span class='ocrx_word' id='word_1_459' title='bbox 1519 3188 1549 3231; x_wconf 89' lang='lat' dir='ltr'><strong>ut</strong></span> <span class='ocrx_word' id='word_1_460' title='bbox 1571 3194 1672 3232; x_wconf 82' lang='lat' dir='ltr'><strong>artures</strong></span> <span class='ocrx_word' id='word_1_461' title='bbox 1689 3194 1771 3232; x_wconf 82' lang='lat' dir='ltr'><strong>casus</strong></span> <span class='ocrx_word' id='word_1_462' title='bbox 1795 3175 1894 3232; x_wconf 84' lang='lat' dir='ltr'><strong>duatus</strong></span> <span class='ocrx_word' id='word_1_463' title='bbox 1918 3170 2010 3230; x_wconf 64' lang='lat' dir='ltr'><strong>Multa-1¹</strong></span> 
     </span>
     <span class='ocr_line' id='line_1_73' title="bbox 1280 3259 2009 3340; baseline -0.005 -24"><span class='ocrx_word' id='word_1_464' title='bbox 1280 3261 1500 3318; x_wconf 85' lang='lat' dir='ltr'><strong>ostenderentur</strong></span> <span class='ocrx_word' id='word_1_465' title='bbox 1514 3275 1600 3340; x_wconf 84' lang='lat' dir='ltr'><strong>atque</strong></span> <span class='ocrx_word' id='word_1_466' title='bbox 1613 3264 1641 3320; x_wconf 94' lang='lat' dir='ltr'><strong>in</strong></span> <span class='ocrx_word' id='word_1_467' title='bbox 1659 3263 1713 3319; x_wconf 86' lang='lat' dir='ltr'><strong>lruc</strong></span> <span class='ocrx_word' id='word_1_468' title='bbox 1730 3283 1846 3340; x_wconf 84' lang='lat' dir='ltr'><strong>quoque</strong></span> <span class='ocrx_word' id='word_1_469' title='bbox 1861 3259 2009 3318; x_wconf 52' lang='lat' dir='ltr'><strong>desculxn*</strong></span> 
     </span>
     <span class='ocr_line' id='line_1_74' title="bbox 1282 3351 2007 3424; baseline -0.012 -20"><span class='ocrx_word' id='word_1_470' title='bbox 1282 3360 1337 3419; x_wconf 84' lang='lat' dir='ltr'><strong>tur,</strong></span> <span class='ocrx_word' id='word_1_471' title='bbox 1352 3369 1437 3424; x_wconf 85' lang='lat' dir='ltr'><strong>quatu</strong></span> <span class='ocrx_word' id='word_1_472' title='bbox 1455 3351 1551 3408; x_wconf 90' lang='lat' dir='ltr'><strong>subito</strong></span> <span class='ocrx_word' id='word_1_473' title='bbox 1566 3371 1674 3408; x_wconf 87' lang='lat' dir='ltr'><strong>summa</strong></span> <span class='ocrx_word' id='word_1_474' title='bbox 1692 3351 1811 3408; x_wconf 77' lang='lat' dir='ltr'><strong>felicitas</strong></span> <span class='ocrx_word' id='word_1_475' title='bbox 1832 3353 1941 3408; x_wconf 82' lang='lat' dir='ltr'><strong>lurtuuar</strong></span> <span class='ocrx_word' id='word_1_476' title='bbox 1953 3367 2007 3400; x_wconf 84' lang='grc' dir='ltr'>ιιιιι-</span> 
     </span>
     <span class='ocr_line' id='line_1_75' title="bbox 1282 3437 2009 3497; baseline -0.004 -6"><span class='ocrx_word' id='word_1_477' title='bbox 1282 3437 1413 3496; x_wconf 86' lang='lat' dir='ltr'><strong>versione</strong></span> <span class='ocrx_word' id='word_1_478' title='bbox 1426 3439 1456 3495; x_wconf 94' lang='lat' dir='ltr'><strong>in</strong></span> <span class='ocrx_word' id='word_1_479' title='bbox 1478 3453 1634 3496; x_wconf 83' lang='lat' dir='ltr'><strong>extremam</strong></span> <span class='ocrx_word' id='word_1_480' title='bbox 1652 3441 1840 3497; x_wconf 84' lang='lat' dir='ltr'><strong>calamitatem</strong></span> <span class='ocrx_word' id='word_1_481' title='bbox 1856 3449 2009 3494; x_wconf 45' lang='lat' dir='ltr'><strong>convertens</strong></span> 
     </span>
     <span class='ocr_line' id='line_1_76' title="bbox 1283 3525 2008 3604; baseline -0.006 -26"><span class='ocrx_word' id='word_1_482' title='bbox 1283 3537 1336 3594; x_wconf 92' lang='lat' dir='ltr'><strong>tur,</strong></span> <span class='ocrx_word' id='word_1_483' title='bbox 1345 3537 1437 3582; x_wconf 88' lang='lat' dir='ltr'><strong>tamen</strong></span> <span class='ocrx_word' id='word_1_484' title='bbox 1448 3525 1522 3582; x_wconf 89' lang='lat' dir='ltr'><strong>illius</strong></span> <span class='ocrx_word' id='word_1_485' title='bbox 1533 3539 1627 3602; x_wconf 89' lang='lat' dir='ltr'><strong>partes</strong></span> <span class='ocrx_word' id='word_1_486' title='bbox 1637 3527 1753 3604; x_wconf 82' lang='lat' dir='ltr'><strong>exiguas</strong></span> <span class='ocrx_word' id='word_1_487' title='bbox 1766 3527 1851 3583; x_wconf 78' lang='lat' dir='ltr'><strong>luisse</strong></span> <span class='ocrx_word' id='word_1_488' title='bbox 1862 3543 1962 3582; x_wconf 81' lang='lat' dir='ltr'><strong>necesse</strong></span> <span class='ocrx_word' id='word_1_489' title='bbox 1970 3531 2008 3574; x_wconf 76' lang='lat' dir='ltr'><strong>est.</strong></span> 
     </span>
     <span class='ocr_line' id='line_1_77' title="bbox 1282 3609 2009 3685; baseline -0.011 -19"><span class='ocrx_word' id='word_1_490' title='bbox 1282 3617 1318 3667; x_wconf 88' lang='lat' dir='ltr'><strong>tlt</strong></span> <span class='ocrx_word' id='word_1_491' title='bbox 1333 3613 1355 3667; x_wconf 86' lang='lat' dir='ltr'><strong>sl</strong></span> <span class='ocrx_word' id='word_1_492' title='bbox 1371 3613 1418 3668; x_wconf 92' lang='lat' dir='ltr'><strong>ille</strong></span> <span class='ocrx_word' id='word_1_493' title='bbox 1430 3625 1496 3669; x_wconf 89' lang='lat' dir='ltr'><strong>aute</strong></span> <span class='ocrx_word' id='word_1_494' title='bbox 1512 3613 1612 3670; x_wconf 79' lang='lat' dir='ltr'><strong>ttiobae</strong></span> <span class='ocrx_word' id='word_1_495' title='bbox 1623 3613 1732 3671; x_wconf 90' lang='lat' dir='ltr'><strong>abitura</strong></span> <span class='ocrx_word' id='word_1_496' title='bbox 1755 3618 1820 3672; x_wconf 74' lang='lat' dir='ltr'><strong>sitae</strong></span> <span class='ocrx_word' id='word_1_497' title='bbox 1840 3615 1915 3669; x_wconf 82' lang='lat' dir='ltr'><strong>linem</strong></span> <span class='ocrx_word' id='word_1_498' title='bbox 1931 3609 2009 3685; x_wconf 72' lang='lat' dir='ltr'><strong>gladia</strong></span> 
     </span>
     <span class='ocr_line' id='line_1_78' title="bbox 1281 3695 2010 3778; baseline 0.005 -26"><span class='ocrx_word' id='word_1_499' title='bbox 1281 3699 1432 3774; x_wconf 85' lang='lat' dir='ltr'><strong>imposuit,</strong></span> <span class='ocrx_word' id='word_1_500' title='bbox 1457 3702 1523 3757; x_wconf 83' lang='lat' dir='ltr'><strong>satis</strong></span> <span class='ocrx_word' id='word_1_501' title='bbox 1547 3701 1716 3778; x_wconf 78' lang='lat' dir='ltr'><strong>intelligitur·</strong></span> <span class='ocrx_word' id='word_1_502' title='bbox 1739 3723 1792 3759; x_wconf 85' lang='lat' dir='ltr'><strong>rur</strong></span> <span class='ocrx_word' id='word_1_503' title='bbox 1819 3701 1907 3760; x_wconf 74' lang='lat' dir='ltr'><strong>uiola</strong></span> <span class='ocrx_word' id='word_1_504' title='bbox 1924 3695 2010 3756; x_wconf 75' lang='lat' dir='ltr'><strong>Tlult&#39;b</strong></span> 
     </span>
     <span class='ocr_line' id='line_1_79' title="bbox 1282 3792 1641 3866; baseline 0.008 -24"><span class='ocrx_word' id='word_1_505' title='bbox 1282 3806 1427 3845; x_wconf 87' lang='lat' dir='ltr'><strong>rentauerc</strong></span> <span class='ocrx_word' id='word_1_506' title='bbox 1442 3809 1498 3845; x_wconf 90' lang='lat' dir='ltr'><strong>uon</strong></span> <span class='ocrx_word' id='word_1_507' title='bbox 1515 3792 1641 3866; x_wconf 91' lang='lat' dir='ltr'><strong>potuerit</strong></span> 
     </span>
    </p>
   </div>
   <div class='ocr_carea' id='block_1_11' title="bbox 1606 3960 1712 3974">
    <p class='ocr_par' dir='ltr' id='par_1_14' title="bbox 1606 3960 1712 3974">
     <span class='ocr_line' id='line_1_80' title="bbox 1606 3960 1712 3974; baseline 0 -4"><span class='ocrx_word' id='word_1_508' title='bbox 1606 3960 1712 3974; x_wconf 54' lang='lat' dir='ltr'>..Q-.-</span> 
     </span>
    </p>
   </div>
   <div class='ocr_carea' id='block_1_12' title="bbox 1560 4073 1758 4133">
    <p class='ocr_par' dir='ltr' id='par_1_15' title="bbox 1560 4073 1758 4133">
     <span class='ocr_line' id='line_1_81' title="bbox 1560 4073 1758 4133; baseline 0.01 -3"><span class='ocrx_word' id='word_1_509' title='bbox 1560 4073 1758 4133; x_wconf 79' lang='lat' dir='ltr'><strong>OlllTlll&#39;lA.</strong></span> 
     </span>
    </p>
   </div>
   <div class='ocr_carea' id='block_1_13' title="bbox 1280 4205 2067 5079">
    <p class='ocr_par' dir='ltr' id='par_1_16' title="bbox 1280 4205 2067 5079">
     <span class='ocr_line' id='line_1_82' title="bbox 1321 4205 2008 4286; baseline -0.001 -23"><span class='ocrx_word' id='word_1_510' title='bbox 1321 4207 1446 4281; x_wconf 79' lang='lat' dir='ltr'><strong>AEsclryli</strong></span> <span class='ocrx_word' id='word_1_511' title='bbox 1463 4209 1629 4283; x_wconf 77' lang='lat' dir='ltr'><strong>fragmenta,</strong></span> <span class='ocrx_word' id='word_1_512' title='bbox 1638 4230 1702 4285; x_wconf 76' lang='lat' dir='ltr'><strong>quae</strong></span> <span class='ocrx_word' id='word_1_513' title='bbox 1713 4231 1748 4266; x_wconf 86' lang='lat' dir='ltr'><strong>ex</strong></span> <span class='ocrx_word' id='word_1_514' title='bbox 1761 4211 1888 4286; x_wconf 69' lang='lat' dir='ltr'><strong>Orithyia</strong></span> <span class='ocrx_word' id='word_1_515' title='bbox 1899 4205 2008 4284; x_wconf 72' lang='lat' dir='ltr'><strong>tragedia</strong></span> 
     </span>
     <span class='ocr_line' id='line_1_83' title="bbox 1281 4297 2067 4373; baseline -0.006 -23"><span class='ocrx_word' id='word_1_516' title='bbox 1281 4307 1392 4351; x_wconf 85' lang='lat' dir='ltr'><strong>servata</strong></span> <span class='ocrx_word' id='word_1_517' title='bbox 1406 4309 1482 4366; x_wconf 89' lang='lat' dir='ltr'><strong>suut,</strong></span> <span class='ocrx_word' id='word_1_518' title='bbox 1495 4315 1583 4372; x_wconf 86' lang='lat' dir='ltr'><strong>quum</strong></span> <span class='ocrx_word' id='word_1_519' title='bbox 1595 4299 1814 4373; x_wconf 80' lang='lat' dir='ltr'><strong>explicaremus,</strong></span> <span class='ocrx_word' id='word_1_520' title='bbox 1830 4297 1954 4354; x_wconf 79' lang='lat' dir='ltr'><strong>numiam</strong></span> <span class='ocrx_word' id='word_1_521' title='bbox 1968 4311 2005 4348; x_wconf 86' lang='grc' dir='ltr'><strong>ει·</strong></span> <span class='ocrx_word' id='word_1_522' title='bbox 2066 4325 2067 4334; x_wconf 56' lang='grc' dir='ltr'>ι</span> 
     </span>
     <span class='ocr_line' id='line_1_84' title="bbox 1282 4383 2004 4462; baseline -0.001 -26"><span class='ocrx_word' id='word_1_523' title='bbox 1282 4384 1440 4461; x_wconf 85' lang='lat' dir='ltr'><strong>posuimus,</strong></span> <span class='ocrx_word' id='word_1_524' title='bbox 1458 4405 1521 4459; x_wconf 80' lang='grc' dir='ltr'>ιγιιαε</span> <span class='ocrx_word' id='word_1_525' title='bbox 1538 4383 1572 4440; x_wconf 89' lang='lat' dir='ltr'><strong>ad</strong></span> <span class='ocrx_word' id='word_1_526' title='bbox 1588 4385 1819 4461; x_wconf 85' lang='lat' dir='ltr'><strong>perspiciendum</strong></span> <span class='ocrx_word' id='word_1_527' title='bbox 1833 4383 1959 4462; x_wconf 66' lang='lat' dir='ltr'><strong>tragediae</strong></span> <span class='ocrx_word' id='word_1_528' title='bbox 1970 4400 2004 4432; x_wconf 86' lang='lat' dir='ltr'><strong>ar·</strong></span> 
     </span>
     <span class='ocr_line' id='line_1_85' title="bbox 1281 4473 2001 4544; baseline -0.007 -19"><span class='ocrx_word' id='word_1_529' title='bbox 1281 4482 1446 4544; x_wconf 81' lang='lat' dir='ltr'><strong>gumentuut</strong></span> <span class='ocrx_word' id='word_1_530' title='bbox 1475 4475 1634 4530; x_wconf 84' lang='lat' dir='ltr'><strong>neccssaria</strong></span> <span class='ocrx_word' id='word_1_531' title='bbox 1651 4473 1735 4530; x_wconf 89' lang='lat' dir='ltr'><strong>nobis</strong></span> <span class='ocrx_word' id='word_1_532' title='bbox 1758 4475 1818 4530; x_wconf 85' lang='lat' dir='ltr'><strong>visa</strong></span> <span class='ocrx_word' id='word_1_533' title='bbox 1842 4487 1910 4530; x_wconf 89' lang='lat' dir='ltr'><strong>sunt.</strong></span> <span class='ocrx_word' id='word_1_534' title='bbox 1929 4475 2001 4540; x_wconf 79' lang='lat' dir='ltr'><strong>ltapa</strong></span> 
     </span>
     <span class='ocr_line' id='line_1_86' title="bbox 1282 4556 2005 4638; baseline 0.003 -26"><span class='ocrx_word' id='word_1_535' title='bbox 1282 4557 1326 4613; x_wconf 88' lang='lat' dir='ltr'><strong>illa</strong></span> <span class='ocrx_word' id='word_1_536' title='bbox 1356 4571 1485 4634; x_wconf 86' lang='lat' dir='ltr'><strong>repetere</strong></span> <span class='ocrx_word' id='word_1_537' title='bbox 1514 4580 1757 4638; x_wconf 76' lang='lat' dir='ltr'><strong>supervacaneum</strong></span> <span class='ocrx_word' id='word_1_538' title='bbox 1786 4577 1843 4632; x_wconf 87' lang='lat' dir='ltr'><strong>est,</strong></span> <span class='ocrx_word' id='word_1_539' title='bbox 1873 4561 1918 4616; x_wconf 69' lang='lat' dir='ltr'><strong>nid</strong></span> <span class='ocrx_word' id='word_1_540' title='bbox 1946 4556 2005 4630; x_wconf 72' lang='lat' dir='ltr'><strong>qut-l</strong></span> 
     </span>
     <span class='ocr_line' id='line_1_87' title="bbox 1280 4643 2065 4726; baseline -0.006 -24"><span class='ocrx_word' id='word_1_541' title='bbox 1280 4649 1403 4702; x_wconf 82' lang='lat' dir='ltr'><strong>Joanues</strong></span> <span class='ocrx_word' id='word_1_542' title='bbox 1417 4647 1550 4706; x_wconf 85' lang='lat' dir='ltr'><strong>Siceliota</strong></span> <span class='ocrx_word' id='word_1_543' title='bbox 1566 4646 1601 4705; x_wconf 80' lang='lat' dir='ltr'><strong>dc</strong></span> <span class='ocrx_word' id='word_1_544' title='bbox 1614 4661 1735 4724; x_wconf 87' lang='lat' dir='ltr'><strong>utroque</strong></span> <span class='ocrx_word' id='word_1_545' title='bbox 1753 4663 1837 4726; x_wconf 88' lang='lat' dir='ltr'><strong>poeta</strong></span> <span class='ocrx_word' id='word_1_546' title='bbox 1850 4649 1924 4704; x_wconf 81' lang='lat' dir='ltr'><strong>allen</strong></span> <span class='ocrx_word' id='word_1_547' title='bbox 1934 4667 1939 4698; x_wconf 86' lang='lat'>:</span> <span class='ocrx_word' id='word_1_548' title='bbox 1950 4643 2005 4698; x_wconf 75' lang='lat' dir='ltr'><strong>dta—</strong></span> <span class='ocrx_word' id='word_1_549' title='bbox 2064 4687 2065 4690; x_wconf 20' lang='grc' dir='ltr'>ι</span> 
     </span>
     <span class='ocr_line' id='line_1_88' title="bbox 1281 4729 2006 4816; baseline -0.001 -28"><span class='ocrx_word' id='word_1_550' title='bbox 1281 4753 1351 4788; x_wconf 88' lang='grc' dir='ltr'>νεται</span> <span class='ocrx_word' id='word_1_551' title='bbox 1365 4733 1488 4804; x_wconf 81' lang='grc' dir='ltr'>ἠάτοπία</span> <span class='ocrx_word' id='word_1_552' title='bbox 1509 4741 1553 4794; x_wconf 80' lang='grc' dir='ltr'>τοῦ</span> <span class='ocrx_word' id='word_1_553' title='bbox 1569 4741 1679 4808; x_wconf 85' lang='grc' dir='ltr'>ποιητοῦ</span> <span class='ocrx_word' id='word_1_554' title='bbox 1703 4739 1728 4794; x_wconf 82' lang='grc' dir='ltr'><strong>ἑν</strong></span> <span class='ocrx_word' id='word_1_555' title='bbox 1748 4741 1785 4816; x_wconf 80' lang='grc' dir='ltr'><strong>τῷ</strong></span> <span class='ocrx_word' id='word_1_556' title='bbox 1807 4737 1939 4814; x_wconf 80' lang='grc' dir='ltr'>Ὠρειθυιας</span> <span class='ocrx_word' id='word_1_557' title='bbox 1959 4729 2006 4802; x_wconf 58' lang='lat'><strong>57²·</strong></span> 
     </span>
     <span class='ocr_line' id='line_1_89' title="bbox 1282 4811 2006 4905; baseline 0.008 -31"><span class='ocrx_word' id='word_1_558' title='bbox 1282 4841 1359 4894; x_wconf 79' lang='grc' dir='ltr'>ματι,</span> <span class='ocrx_word' id='word_1_559' title='bbox 1373 4819 1436 4878; x_wconf 79' lang='grc' dir='ltr'>ὅπου</span> <span class='ocrx_word' id='word_1_560' title='bbox 1450 4831 1507 4888; x_wconf 77' lang='grc' dir='ltr'>ταῖς</span> <span class='ocrx_word' id='word_1_561' title='bbox 1523 4825 1581 4884; x_wconf 81' lang='grc' dir='ltr'>δυσὶ</span> <span class='ocrx_word' id='word_1_562' title='bbox 1596 4824 1701 4902; x_wconf 85' lang='grc' dir='ltr'>σιαγόσι</span> <span class='ocrx_word' id='word_1_563' title='bbox 1714 4829 1802 4905; x_wconf 72' lang='grc' dir='ltr'>φυσῶν</span> <span class='ocrx_word' id='word_1_564' title='bbox 1822 4829 1835 4880; x_wconf 79' lang='grc' dir='ltr'>θ</span> <span class='ocrx_word' id='word_1_565' title='bbox 1857 4811 1941 4900; x_wconf 66' lang='grc' dir='ltr'>θυμίας</span> <span class='ocrx_word' id='word_1_566' title='bbox 1955 4821 2006 4888; x_wconf 60' lang='grc' dir='ltr'><strong>ῑιῑῗ</strong></span> 
     </span>
     <span class='ocr_line' id='line_1_90' title="bbox 1281 4903 2004 4994; baseline 0.001 -27"><span class='ocrx_word' id='word_1_567' title='bbox 1281 4910 1326 4981; x_wconf 81' lang='grc' dir='ltr'><strong>τὴν</strong></span> <span class='ocrx_word' id='word_1_568' title='bbox 1342 4913 1490 4969; x_wconf 80' lang='grc' dir='ltr'>θάλασσαν·</span> <span class='ocrx_word' id='word_1_569' title='bbox 1505 4916 1534 4970; x_wconf 83' lang='grc' dir='ltr'>ού</span> <span class='ocrx_word' id='word_1_570' title='bbox 1550 4915 1600 4994; x_wconf 72' lang='grc' dir='ltr'><strong>γὰρ</strong></span> <span class='ocrx_word' id='word_1_571' title='bbox 1616 4915 1685 4994; x_wconf 71' lang='lat' dir='ltr'><strong>piper</strong></span> <span class='ocrx_word' id='word_1_572' title='bbox 1699 4917 1742 4971; x_wconf 78' lang='lat' dir='ltr'><strong>iai</strong></span> <span class='ocrx_word' id='word_1_573' title='bbox 1759 4914 1862 4990; x_wconf 70' lang='grc' dir='ltr'>μνήμης</span> <span class='ocrx_word' id='word_1_574' title='bbox 1878 4909 1908 4968; x_wconf 78' lang='grc' dir='ltr'><strong>τί</strong></span> <span class='ocrx_word' id='word_1_575' title='bbox 1921 4903 2004 4978; x_wconf 61' lang='grc' dir='ltr'>ἱιμίὲῑῑ</span> 
     </span>
     <span class='ocr_line' id='line_1_91' title="bbox 1280 4998 2003 5079; baseline -0.01 -24"><span class='ocrx_word' id='word_1_576' title='bbox 1280 4998 1475 5074; x_wconf 78' lang='grc' dir='ltr'>ἐπιλαθόμενος.</span> <span class='ocrx_word' id='word_1_577' title='bbox 1486 5001 1533 5059; x_wconf 71' lang='grc' dir='ltr'><strong>Δία</strong></span> <span class='ocrx_word' id='word_1_578' title='bbox 1544 5003 1588 5059; x_wconf 80' lang='grc' dir='ltr'><strong>καί</strong></span> <span class='ocrx_word' id='word_1_579' title='bbox 1600 5011 1726 5078; x_wconf 85' lang='grc' dir='ltr'>μιμεῖται.</span> <span class='ocrx_word' id='word_1_580' title='bbox 1738 5001 1815 5079; x_wconf 74' lang='grc' dir='ltr'>Λέγει</span> <span class='ocrx_word' id='word_1_581' title='bbox 1828 5003 1853 5059; x_wconf 75' lang='grc' dir='ltr'><strong>δὲ</strong></span> <span class='ocrx_word' id='word_1_582' title='bbox 1867 4999 1919 5074; x_wconf 70' lang='grc' dir='ltr'>περὶ</span> <span class='ocrx_word' id='word_1_583' title='bbox 1929 5011 2003 5050; x_wconf 69' lang='lat' dir='ltr'><strong>ratae</strong></span> 
     </span>
    </p>
   </div>
   <div class='ocr_carea' id='block_1_14' title="bbox 469 5097 2005 5126">
    <p class='ocr_par' dir='ltr' id='par_1_17' title="bbox 469 5097 2005 5126">
     <span class='ocr_line' id='line_1_92' title="bbox 469 5097 2005 5126; baseline 0 -19"><span class='ocrx_word' id='word_1_584' title='bbox 469 5097 2005 5126; x_wconf 58' lang='grc' dir='ltr'><em>Ἥ</em></span> 
     </span>
    </p>
   </div>
   <div class='ocr_carea' id='block_1_15' title="bbox 472 5162 1230 5317">
    <p class='ocr_par' dir='ltr' id='par_1_18' title="bbox 472 5162 1230 5317">
     <span class='ocr_line' id='line_1_93' title="bbox 820 5162 880 5208; baseline 0 0"><span class='ocrx_word' id='word_1_585' title='bbox 820 5162 880 5208; x_wconf 63' lang='lat' dir='ltr'><strong>M&amp;</strong></span> 
     </span>
     <span class='ocr_line' id='line_1_94' title="bbox 472 5223 1230 5317; baseline 0.011 -42"><span class='ocrx_word' id='word_1_586' title='bbox 472 5223 553 5275; x_wconf 68' lang='lat' dir='ltr'><strong>liram</strong></span> <span class='ocrx_word' id='word_1_587' title='bbox 570 5223 643 5317; x_wconf 62' lang='lat' dir='ltr'><strong>:enirn</strong></span> <span class='ocrx_word' id='word_1_588' title='bbox 664 5225 750 5278; x_wconf 83' lang='lat' dir='ltr'><strong>arniea</strong></span> <span class='ocrx_word' id='word_1_589' title='bbox 778 5225 835 5295; x_wconf 84' lang='lat' dir='ltr'><strong>ejus</strong></span> <span class='ocrx_word' id='word_1_590' title='bbox 861 5225 907 5296; x_wconf 88' lang='lat' dir='ltr'><strong>qui</strong></span> <span class='ocrx_word' id='word_1_591' title='bbox 929 5225 998 5280; x_wconf 84' lang='lat' dir='ltr'><strong>inter</strong></span> <span class='ocrx_word' id='word_1_592' title='bbox 1014 5226 1064 5282; x_wconf 90' lang='lat' dir='ltr'><strong>bos</strong></span> <span class='ocrx_word' id='word_1_593' title='bbox 1083 5237 1140 5282; x_wconf 90' lang='lat' dir='ltr'><strong>erat</strong></span> <span class='ocrx_word' id='word_1_594' title='bbox 1165 5237 1230 5310; x_wconf 73' lang='lat' dir='ltr'><strong>natu</strong></span> 
     </span>
    </p>
   </div>
   <div class='ocr_carea' id='block_1_16' title="bbox 821 5307 1052 5428">
    <p class='ocr_par' dir='ltr' id='par_1_19' title="bbox 821 5307 1052 5428">
     <span class='ocr_line' id='line_1_95' title="bbox 910 5307 1052 5360; baseline -0.007 -1"><span class='ocrx_word' id='word_1_595' title='bbox 910 5307 1052 5360; x_wconf 84' lang='lat' dir='ltr'><strong>maximus.</strong></span> 
     </span>
     <span class='ocr_line' id='line_1_96' title="bbox 821 5381 880 5428; baseline -0.102 0"><span class='ocrx_word' id='word_1_596' title='bbox 821 5381 880 5428; x_wconf 77' lang='grc'>319.</span> 
     </span>
    </p>
   </div>
   <div class='ocr_carea' id='block_1_17' title="bbox 472 5518 1072 5590">
    <p class='ocr_par' dir='ltr' id='par_1_20' title="bbox 472 5518 1072 5590">
     <span class='ocr_line' id='line_1_97' title="bbox 472 5518 1072 5590; baseline 0.007 -18"><span class='ocrx_word' id='word_1_597' title='bbox 472 5518 566 5574; x_wconf 81' lang='lat' dir='ltr'><strong>loterts</strong></span> <span class='ocrx_word' id='word_1_598' title='bbox 580 5529 605 5574; x_wconf 87' lang='lat' dir='ltr'><strong>et</strong></span> <span class='ocrx_word' id='word_1_599' title='bbox 625 5519 793 5590; x_wconf 72' lang='lat' dir='ltr'><strong>refrigerans,</strong></span> <span class='ocrx_word' id='word_1_600' title='bbox 808 5531 834 5576; x_wconf 87' lang='grc' dir='ltr'><strong>ει</strong></span> <span class='ocrx_word' id='word_1_601' title='bbox 849 5521 941 5576; x_wconf 87' lang='lat' dir='ltr'><strong>labore</strong></span> <span class='ocrx_word' id='word_1_602' title='bbox 956 5523 1072 5577; x_wconf 87' lang='lat' dir='ltr'><strong>laborem</strong></span> 
     </span>
    </p>
   </div>
   <div class='ocr_carea' id='block_1_18' title="bbox 467 5376 1232 5502">
    <p class='ocr_par' dir='ltr' id='par_1_21' title="bbox 467 5376 1232 5502">
     <span class='ocr_line' id='line_1_98' title="bbox 1131 5376 1231 5431; baseline 0.02 -3"><span class='ocrx_word' id='word_1_603' title='bbox 1131 5376 1231 5431; x_wconf 77' lang='lat' dir='ltr'><strong>llberos</strong></span> 
     </span>
     <span class='ocr_line' id='line_1_99' title="bbox 467 5379 1232 5502; baseline 0.013 -10"><span class='ocrx_word' id='word_1_604' title='bbox 467 5439 601 5494; x_wconf 72' lang='lat' dir='ltr'><strong>‘teuniter</strong></span> <span class='ocrx_word' id='word_1_605' title='bbox 614 5449 745 5495; x_wconf 83' lang='lat' dir='ltr'><strong>textantur</strong></span> <span class='ocrx_word' id='word_1_606' title='bbox 760 5443 890 5498; x_wconf 79' lang='lat' dir='ltr'><strong>lunarum</strong></span> <span class='ocrx_word' id='word_1_607' title='bbox 904 5444 1009 5499; x_wconf 85' lang='lat' dir='ltr'><strong>lacinus</strong></span> <span class='ocrx_word' id='word_1_608' title='bbox 1019 5379 1232 5502; x_wconf 56' lang='lat' dir='ltr'><strong>natrtalutota</strong></span> 
     </span>
    </p>
   </div>
   <div class='ocr_carea' id='block_1_19' title="bbox 1280 5164 1847 5598">
    <p class='ocr_par' dir='ltr' id='par_1_22' title="bbox 1280 5164 1847 5598">
     <span class='ocr_line' id='line_1_100' title="bbox 1280 5164 1735 5238; baseline 0.011 -20"><span class='ocrx_word' id='word_1_609' title='bbox 1280 5173 1413 5220; x_wconf 88' lang='lat' dir='ltr'><strong>nocturno</strong></span> <span class='ocrx_word' id='word_1_610' title='bbox 1426 5164 1552 5222; x_wconf 88' lang='lat' dir='ltr'><strong>diurnutu</strong></span> <span class='ocrx_word' id='word_1_611' title='bbox 1568 5177 1735 5238; x_wconf 86' lang='lat' dir='ltr'><strong>permutans.</strong></span> 
     </span>
     <span class='ocr_line' id='line_1_101' title="bbox 1629 5270 1690 5320; baseline -0.033 -1"><span class='ocrx_word' id='word_1_612' title='bbox 1629 5270 1690 5320; x_wconf 72' lang='lat'>320.</span> 
     </span>
     <span class='ocr_line' id='line_1_102' title="bbox 1351 5351 1847 5423; baseline -0.006 -18"><span class='ocrx_word' id='word_1_613' title='bbox 1351 5351 1399 5405; x_wconf 85' lang='lat' dir='ltr'><strong>Cui</strong></span> <span class='ocrx_word' id='word_1_614' title='bbox 1414 5352 1514 5406; x_wconf 88' lang='lat' dir='ltr'><strong>amoris</strong></span> <span class='ocrx_word' id='word_1_615' title='bbox 1529 5351 1638 5423; x_wconf 86' lang='lat' dir='ltr'><strong>puerilis</strong></span> <span class='ocrx_word' id='word_1_616' title='bbox 1653 5367 1758 5406; x_wconf 70' lang='lat' dir='ltr'><strong>aliorsus</strong></span> <span class='ocrx_word' id='word_1_617' title='bbox 1771 5351 1847 5407; x_wconf 86' lang='lat' dir='ltr'><strong>adsu.</strong></span> 
     </span>
     <span class='ocr_line' id='line_1_103' title="bbox 1627 5447 1689 5494; baseline 0.048 -4"><span class='ocrx_word' id='word_1_618' title='bbox 1627 5447 1689 5494; x_wconf 59' lang='lat' dir='ltr'><strong>ML</strong></span> 
     </span>
     <span class='ocr_line' id='line_1_104' title="bbox 1422 5525 1774 5598; baseline 0.011 -20"><span class='ocrx_word' id='word_1_619' title='bbox 1422 5527 1524 5590; x_wconf 83' lang='lat' dir='ltr'><strong>l&#39;euio;</strong></span> <span class='ocrx_word' id='word_1_620' title='bbox 1539 5525 1603 5598; x_wconf 85' lang='lat' dir='ltr'><strong>quid</strong></span> <span class='ocrx_word' id='word_1_621' title='bbox 1619 5543 1660 5580; x_wconf 87' lang='lat' dir='ltr'><strong>tue</strong></span> <span class='ocrx_word' id='word_1_622' title='bbox 1677 5533 1774 5582; x_wconf 75' lang='lat' dir='ltr'><strong>roms?</strong></span> 
     </span>
    </p>
   </div>
   <div class='ocr_carea' id='block_1_20' title="bbox 0 0 2293 6420">
    <p class='ocr_par' dir='ltr' id='par_1_23' title="bbox 0 0 2293 6420">
     <span class='ocr_line' id='line_1_105' title="bbox 0 0 2293 6420; baseline 0 0"><span class='ocrx_word' id='word_1_623' title='bbox 0 0 2293 6420; x_wconf 95' lang='lat' dir='ltr'><strong> </strong></span> 
     </span>
    </p>
   </div>
  </div>
 </body>
</html>
