4567 6425
459 715 514 764 372

460 836 529 909 rint,
549 834 659 911 quippe
674 832 779 909 rpribus
799 852 857 889 vox
869 830 976 909 ἔχοντας
996 849 1055 886 uon
1070 826 1215 884 convenit.

461 933 497 981 At
514 942 626 979 rursum
640 924 665 979 si
680 924 818 1000 Ζωστῆρες
832 921 925 996 Satyri
939 917 1146 993 intelliguntur,
1160 936 1218 971 ma-

460 1030 515 1087 gna
526 1009 678 1067 difficultas
690 1030 726 1066 ex
741 1028 776 1066 eo
791 1011 897 1076 oritur,
910 1005 986 1083 quod
1004 1007 1141 1083 Ζωστῆρες
1160 1023 1219 1061 mu·

461 1099 544 1156 lieres
564 1099 712 1156 aPolluee
732 1097 816 1155 dictae
836 1109 903 1154 sunt
923 1097 950 1152 ἐν
972 1102 1041 1156 ταῖς
1055 1094 1217 1171 Ζωστῆρσιν.

461 1188 605 1257 Quocirca
628 1186 716 1243 satius
736 1198 781 1243 est
799 1184 928 1243 conliteri
950 1181 1078 1257 ignorari
1095 1199 1113 1237 a
1135 1178 1218 1235 nobis

462 1274 606 1349 quoduam
622 1288 820 1350 argumentum
844 1271 946 1330 labulae
960 1271 1062 1340 suerit,
1081 1267 1136 1324 nisi
1155 1267 1220 1343 quis

461 1366 581 1437 Satyros
600 1362 629 1418 in
649 1369 807 1420 Amazonas
818 1358 991 1417 subornatos
1005 1369 1129 1431 censeat,
1147 1372 1220 1431 qaros

462 1450 614 1520 Hercules,
632 1449 681 1526 qui
697 1449 811 1524 cingula
824 1468 923 1506 earum
947 1445 1104 1522 sperauerit,
1122 1453 1220 1521 postea

462 1537 640 1613 cognouerit,
653 1538 750 1613 quales
762 1550 865 1595 esseut.

780 1675 888 1694 --αοοὺ
897 1680 905 1686 -

615 1758 813 1819 HERCULES
835 1759 873 1816 tu
895 1757 1071 1817 TAENARO.

503 1894 610 1953 Fabula
637 1896 772 1972 iuscripta
796 1907 839 1952 est
861 1895 946 1951 variis
976 1892 1157 1959 nominibus,
1180 1890 1223 1947 ἐπὶ

463 1981 622 2062 Ταιναρίοις,
632 1984 677 2039 vel
693 1984 718 2039 ἐν
732 1981 859 2061 Ἡρακλεῖ
875 1984 1017 2060 σατυρικῷ,
1033 1980 1076 2036 vel
1088 1978 1223 2058 Ἡρακλεῖ.

465 2072 655 2145 Cognoscitur
675 2081 768 2126 tamen
792 2088 825 2124 ea
843 2088 907 2143 quae.
927 2067 1042 2124 Herculi
1057 2066 1087 2121 in
1102 2070 1223 2121 Taeuaro

464 2158 635 2230 acciderint,
652 2168 851 2233 argumentum
877 2155 963 2212 luisse
984 2152 1135 2221 dramatis,
1156 2153 1173 2207 i.
1198 2172 1223 2207 e.

465 2248 631 2304 descensum
656 2244 691 2303 ad
710 2245 825 2301 inferos.
848 2248 940 2300 Pauca
961 2242 996 2298 de
1015 2239 1225 2316 compositione

461 2336 597 2413 exposuit
615 2333 781 2392 Eustatlrius
803 2352 831 2408 p.
854 2350 921 2405 297,
942 2332 979 2387 36
991 2352 997 2385 ι
1009 2328 1091 2406 [730]
1109 2325 1225 2391 Εἵλωτες

471 2467 478 2479 .
489 2468 508 2479 ..
533 2425 562 2479 οὗ
573 2420 650 2495 μόνον
661 2421 780 2479 δουλικοῦ
789 2420 853 2477 εἰσιν
863 2419 998 2493 ὀνόματος,
1009 2415 1074 2473 ἀλλὰ
1084 2418 1129 2474 καί
1139 2438 1164 2471 τι
1172 2417 1225 2472 ἑτε-

465 2518 532 2586 ροῖον
546 2510 680 2579 δηλοῦσιν·
695 2509 722 2565 ἐν
734 2513 793 2585 γοῦν
806 2514 858 2571 τοῖς
878 2504 1041 2583 Ἡρωδιανοῖῖ
1063 2502 1172 2581 εὕρηται
1185 2501 1225 2559 ὅτι

466 2594 582 2661 Εἵλωτες
594 2598 618 2654 σί
635 2596 678 2654 ἐπί
695 2593 820 2674 Ταινάρῳ
838 2592 961 2671 Σάτυροι.
976 2598 1031 2649 Pro
1046 2601 1125 2647 certo
1137 2590 1227 2665 igitur

464 2683 661 2759 accipiendum
682 2695 726 2740 est
753 2687 873 2756 Satyros
899 2693 1033 2756 tanquam
1055 2678 1173 2737 Helotes
1197 2677 1224 2732 in

375 2801 378 2810 ·
465 2770 555 2828 choro
578 2770 759 2827 introductos
773 2788 848 2836 esse,
864 2780 893 2824 at
908 2786 966 2823 nou
982 2766 1129 2824 ministros
1149 2767 1226 2821 Her-

465 2858 546 2929 culis,
561 2871 593 2914 nt
614 2868 693 2936 patet
711 2858 776 2913 loco
797 2855 875 2933 apud
891 2841 1044 2934 Aristidem
1056 2857 1095 2924 11,
1110 2871 1140 2928 p.
1161 2852 1225 2908 310.

464 2945 586 3021 Reliqua
599 2964 718 3022 prorsus
730 2945 839 3001 incerta
853 2955 920 3000 suut
935 2956 1012 2999 etue
1026 2939 1098 2998 illud
1109 2938 1227 3015 quidem

464 3046 591 3103 constat,
604 3035 679 3090 sitne
701 3033 840 3090 Hercules
857 3036 883 3087 iu
899 3051 984 3088 scena
1005 3038 1226 3107 repraesentatus

464 3135 617 3198 antequam
634 3120 669 3176 ad
688 3120 794 3177 inlerus
808 3118 1004 3187 descenderet,
1023 3138 1059 3175 an
1071 3131 1162 3193 quum
1179 3134 1225 3171 re-

464 3210 571 3268 diisset.
592 3211 694 3284 Neque
715 3207 877 3265 ullomodo
899 3207 1021 3264 inveniri
1040 3217 1136 3283 potest
1162 3223 1226 3280 quae

464 3312 603 3372 praeterea
614 3315 743 3373 persona
756 3316 773 3351 a
786 3307 872 3372 poeta
883 3295 1020 3352 adhibitae
1031 3293 1097 3351 sint.
1116 3297 1167 3350 Est
1184 3304 1226 3347 ta-

466 3405 531 3442 men
551 3382 704 3461 probabile
721 3395 877 3457 utrumque
889 3383 921 3438 iu
939 3402 1023 3439 scena
1039 3400 1100 3438 esse
1111 3379 1226 3455 exposi-

466 3489 527 3529 tum
540 3471 738 3548 precipueque
753 3466 930 3526 celebratum
942 3468 1078 3539 reditum,
1089 3467 1139 3544 qui
1151 3466 1226 3522 mul-

466 3563 502 3618 tis
516 3560 625 3618 facetiis
639 3559 733 3615 locum
747 3555 877 3634 praebere
886 3558 982 3632 potuit
996 3555 1150 3615 referendo
1162 3573 1226 3631 quae

464 3649 541 3726 apud
571 3646 677 3705 interos
706 3645 843 3702 enimenin
868 3644 972 3701 viderit
997 3657 1026 3702 et
1053 3663 1113 3720 quo
1137 3642 1225 3698 modo

464 3736 628 3794 convivium
641 3734 834 3812 apparaverit.
848 3737 910 3791 Hoc
925 3734 1070 3810 posterius
1084 3731 1224 3788 contineri

464 3845 568 3882 censeo
580 3824 644 3880 loco
663 3834 801 3898 corrupto
822 3819 953 3879 Athenai
977 3825 1033 3888 tx,
1046 3840 1076 3897 p.
1096 3820 1167 3890 375,
1179 3823 1224 3875 D:

464 3913 558 3992 Χοῖρον
570 3909 598 3968 δὲ
612 3909 700 3974 Ἰωνες
716 3910 826 3966 καλοῦσι
846 3906 894 3978 τὴν
911 3906 1027 3978 θῆλειαν,
1046 3910 1081 3971 ὡς
1093 3903 1225 3972 ‘landreci

503 4001 547 4058 καὶ
563 3999 698 4078 Σοφοκλῆς
710 3998 754 4056 ἐπὶ
767 3999 792 4055 Τ
794 3998 926 4074 αιναρίοις·

464 4121 547 4200 [131]
565 4113 680 4208 Τοιγδιρ
697 4104 735 4182 lu
748 4107 798 4180 δεῖ
809 4109 939 4204 φυλάξαι
956 4121 1054 4204 χοῖρον
1074 4119 1152 4178 ὥστε
1168 4105 1225 4179 δε·

1122 4229 1223 4318 cpias.

463 4347 553 4424 (Libri
570 4347 727 4427 τοιγαριιίιδη
750 4347 861 4426 ρυλσίξαι
881 4356 968 4426 χοῖρος
987 4346 1021 4413 ὤς
1040 4370 1069 4405 τε
1087 4347 1225 4424 δεσμίων.)

462 4436 550 4494 Cibus
569 4437 752 4512 praepararit.
765 4435 865 4492 Pollux
881 4440 920 4507 X,
940 4457 994 4492 110
1005 4459 1011 4492 :
1023 4435 1185 4515 Προσθετέον
1199 4435 1225 4494 δὲ

461 4527 499 4602 τῷ
516 4523 634 4603 μαγείρῳ
657 4523 701 4579 καί
714 4521 777 4589 ξιίλα
797 4523 914 4597 καύσιμα
934 4522 980 4580 καί
1000 4524 1164 4599 κληματίδας
1180 4523 1224 4579 καὶ

461 4609 633 4688 ἐκκαύματα,
656 4609 772 4677 εἰπόντος
794 4608 955 4687 &panlinus
978 4614 1005 4668 ἐν
1021 4611 1148 4692 Ἡρακλεῖ
1174 4635 1223 4668 σα-

460 4722 574 4778 τυρικῳ·

488 4825 569 4911 [732]
594 4829 753 4916 Συνελεγον
766 4824 807 4890 τὰ
823 4820 883 4902 ξύλ’
899 4832 939 4902 ὡς
954 4830 1151 4918 ἐκκαυμσίτων

590 4945 634 5030 μῆ
654 4967 705 5030 μοι
722 4935 835 5030 μεταξὺ
852 4934 1073 5030 προσδεήσειεν.

998 699 1208 761 sueuoctts
1229 697 1478 759 FRAGMENTA.

1271 826 1375 904 (Vulgo
1395 828 1558 907 ἐκκαύματα.
1577 834 1633 891 Sed
1653 835 1727 893 idem
1749 836 1851 897 Pollux
1863 844 1931 915 vn,
1943 862 2003 919 req=

1270 914 1417 990 ἔκλυμάδας
1432 919 1497 998 Σορ.
1513 921 1539 976 ἰν
1558 917 1617 1001 ‘Hp
1634 944 1709 995 σατ.,
1727 952 1738 975 ⁸
1757 926 1899 1004 Συνίλιγον
1912 928 1940 985 τί
1958 930 2006 996 iiia

1270 1003 1304 1065 ὡς
1314 1004 1474 1080 ε’κλυμσίδων.
1491 1009 1521 1084 ι)
1536 1015 1643 1085 Aquam
1656 1012 1740 1089 petiit
1749 1032 1785 1070 ex
1796 1014 1875 1071 lorue
1886 1016 1921 1071 ab
1934 1036 2007 1093 angue

1271 1092 1422 1149 custodito.
1436 1097 1575 1171 Steplrau.
1591 1103 1658 1174 Byz.
1669 1122 1677 1155 τ
1688 1097 1770 1179 Χώρα
1786 1143 1794 1157 .
1806 1144 1814 1157 .
1826 1144 1833 1158 .
1848 1102 2005 1179 χωρίτας

1271 1178 1420 1259 ΣοφοκλῆςΙ
1433 1224 1459 1239 ..
1476 1184 1503 1239 ἐν
1515 1182 1653 1265 Ἡρακλεῖ·

1273 1288 1355 1372 [733]
1371 1292 1536 1382 Στρίρσυσι
1551 1300 1660 1386 κρήνης
1674 1300 1793 1384 φύλακα
1804 1298 1932 1388 χωρίσαι
1947 1302 2009 1389 ips.

1273 1411 1424 1471 Jacobsius
1435 1415 1559 1492 conjecit
1572 1417 1758 1477 scribendum
1771 1438 1833 1477 esse
1848 1444 1855 1477 :
1870 1420 1983 1500 Ἡρακλιῐ
1992 1448 2010 1481 ι,

1273 1502 1447 1581 (σατυρικῷ),
1465 1504 1613 1585 Τρίρουσι,
1637 1509 1765 1585 liquores
1780 1519 2013 1588 nuuiuntserprn-

1275 1604 1330 1649 tem
1344 1605 1397 1650 etc.
1409 1597 1502 1650 Locus
1514 1595 1591 1672 apud
1608 1598 1761 1657 Aristidem
1773 1606 1813 1671 11,
1825 1622 1854 1678 p.
1870 1604 1926 1657 310
1937 1602 2013 1662 lebb..

1275 1699 1302 1756 p.
1317 1680 1372 1747 405
1391 1681 1478 1739 Diud.
1493 1681 1527 1738 ad
1545 1684 1618 1740 banc
1632 1685 1755 1744 fabulam
1771 1710 1787 1747 a
1802 1690 1942 1746 Brunclio
1955 1690 2014 1745 rela-

1276 1778 1322 1824 tus
1339 1790 1346 1824 ε
1362 1764 1525 1847 [734]Ἧδη
1539 1768 1567 1827 δι’
1580 1794 1619 1837 τις
1633 1773 1677 1830 καί
1691 1775 1808 1855 Σσίτυρσς
1817 1779 1869 1833 τῶν
1884 1774 1926 1835 ἐπὶ
1935 1780 2015 1845 σκηνῆς

1275 1857 1444 1935 κατηράσατο
1462 1862 1500 1936 τῷ
1512 1856 1659 1937 Ἡρακλεῖ,
1680 1852 1736 1921 εἶτά
1754 1866 1779 1941 γ’
1791 1864 1871 1946 ἔκυψε
1885 1864 2015 1943 προσιόντος

1276 1944 1357 2001 κσίτω.
1370 1974 1380 1993 ι
1391 1946 1515 2003 Vide'tur
1529 1948 1616 2023 igitur
1629 1952 1766 2009 Hercules
1778 1973 1795 2009 a
1806 1955 1913 2029 Satyris
1924 1954 2016 2011 derism

1277 2051 1346 2089 esse.
1369 2034 1413 2091 Ad
1440 2054 1541 2110 magua
1562 2056 1652 2114 opera
1674 2059 1738 2115 quae
1765 2044 1903 2097 Hercules
1928 2042 2016 2117 ubique

1276 2123 1457 2193 exstruxerit,
1472 2123 1593 2181 referam
1609 2126 1732 2201 glossam
1745 2129 1880 2205 Hesyclrii
1897 2153 1903 2187 :
1918 2130 2015 2191 Ιίιίιιλανε

1277 2209 1321 2269 καὶ
1343 2208 1469 2289 τροχοῖς·
1488 2209 1521 2267 sd
1546 2211 1631 2291 τείχη.
1656 2214 1762 2295 Τροχὸν
1787 2216 1815 2273 δὲ
1834 2216 1865 2274 τὸ
1883 2220 2015 2296 nizam&

1278 2299 1413 2379 Σοροκλῆς
1435 2298 1561 2378 Ἡρακλεῖ
1589 2302 1670 2379 [735]
1693 2328 1705 2352 ⁸
1720 2304 1879 2363 Κυκλώπων
1909 2304 2016 2385 spagit.-

1276 2386 1423 2463 (Musurus
1436 2386 1630 2465 Κυκλώπειον.)
1641 2390 1761 2468 Reliqua
1775 2392 1939 2451 obscuriora
1948 2408 2016 2452 sunt:

1278 2477 1401 2551 Hesyeh.
1411 2476 1505 2554 [736]
1521 2478 1641 2549 ιῖλαλίαν,
1652 2506 1664 2530 ν
1679 2482 1823 2562 πονηρίαν,
1837 2484 1950 2551 ἀταξίαν.
1962 2488 2015 2563 Sap.

1278 2564 1320 2620 ἐπί
1346 2564 1495 2644 Ταιναρίοις
1516 2566 1619 2641 (codex
1642 2568 1809 2647 narsulpou).
1838 2572 1923 2629 ldem.
1951 2574 2017 2655 [tat]

1278 2677 1289 2701 α
1304 2650 1436 2731 ιῖργίμων,
1452 2680 1463 2701 υ
1477 2655 1528 2709 τῶν
1541 2655 1567 2711 ἐν
1577 2662 1630 2721 τοῖς
1645 2656 1785 2734 ὀφθαλμοῖς
1799 2658 1978 2734 λευκωμιίτων.
1990 2664 2018 2719 Οἱ

1278 2738 1305 2795 δὲ
1319 2740 1478 2819 ὀρθαλμιῶν.
1490 2742 1555 2821 Σορ.
1568 2742 1611 2799 ἐπὶ
1622 2742 1748 2822 Ταινάρῳ
1766 2751 1908 2826 σατυρικῷ.
1920 2750 2018 2805 Plautius

1279 2846 1308 2903 p.
1332 2828 1402 2901 359‚
1420 2828 1455 2884 35
1472 2850 1479 2884 ε
1499 2824 1581 2908 [738]
1601 2832 1673 2887 «οὐκ
1692 2828 1798 2909 diptica,
1821 2860 1833 2884 ι
1863 2836 1892 2891 οὗ
1917 2836 2018 2911 [κλέπτει

1279 2914 1344 2993 Eup.
1370 2912 1414 2971 εἰτί
1432 2914 1534 2995 τερσίρῳ
1559 2914 1689 2995 σατύροις.
1714 2924 1757 2976 De
1774 2940 1833 2997 quo
1849 2922 2018 2980 Diadorlius:

1278 3028 1289 3053 ι
1306 3002 1529 3079 corrigendum,
1544 3005 1655 3082 inquit,
1671 3007 1699 3063 ol
1714 3016 1811 3087 κωρεῖ,
1824 3009 1860 3066 de
1880 3031 1937 3087 quo
1955 3012 2018 3067 dirr-

1278 3102 1347 3145 runt
1357 3092 1494 3167 Hesychii
1508 3093 1677 3170 interpretes
1691 3095 1727 3152 ad
1740 3097 1847 3172 glossas
1859 3101 1977 3179 Κιρραῖοι
1988 3101 2019 3157 o)

1278 3184 1368 3258 κωρεῖ.
1384 3182 1525 3238 Bruukius
1535 3182 1563 3239 ab
1575 3182 1715 3262 κωρίζει.»
1732 3188 1892 3246 Brunclrius
1902 3201 2019 3266 praetrrm

1279 3269 1335 3326 lure
1346 3270 1456 3340 retulit,
1471 3271 1550 3348 quod
1563 3283 1607 3330 est
1620 3273 1698 3349 apud
1714 3275 1882 3334 Athenaeum
1896 3283 1923 3348 1,
1940 3283 2017 3355 pal:

1279 3360 1456 3416 Κατακεῐσθαι
1475 3357 1502 3416 δὲ
1519 3357 1622 3435 λέγεται
1638 3361 1683 3418 καί
1694 3363 1929 3424 κατακεκλίσθαι...
1941 3367 2018 3424 {me

1278 3448 1360 3524 εὑρεῖν
1377 3444 1422 3502 καῖ
1436 3445 1479 3504 ἐπὶ
1495 3447 1592 3512 ἐννοίας
1599 3446 1695 3518 ταύτης
1710 3450 1826 3516 σπανίως
1838 3452 1867 3510 τὸ
1879 3455 2017 3511 α’νσαιεῖσίιι

1279 3532 1395 3613 Σοίτυρος
1417 3535 1490 3612 παρὰ
1511 3536 1640 3616 Σοροκλεῖ
1653 3537 1728 3595 τοῦτο’
1746 3559 1825 3618 φησιν
1835 3541 1914 3618 [739]
1925 3569 1938 3592 ι
1954 3541 2018 3600 Ἐπι-

1279 3621 1415 3698 καιιίμενος
1436 3625 1474 3700 τῷ
1495 3621 1622 3702 Ἡρακλεῖ
1642 3625 1806 3708 ἀνακειμένῳ
1830 3627 1908 3702 μέσον
1930 3634 1964 3692 εἰς
1985 3627 2018 3684 rix

1279 3708 1367 3787 αὐχέν’
1376 3708 1539 3786 εἰσαλοίμην.
1549 3738 1560 3762 ι
1570 3713 1632 3788 lgni
1640 3713 1663 3769 si
1674 3707 1788 3784 exinar,
1801 3716 1829 3772 in
1839 3717 1956 3774 mediam
1964 3721 2020 3774 ller-

1278 3798 1349 3854 culis
1363 3795 1558 3856 accumbentis
1570 3801 1710 3858 ceruicem
1726 3803 1858 3860 insiliam.
1922 3805 1926 3816 '

1590 3929 1722 3948 ψ

1519 4010 1793 4074 uuuacttchS.

1319 4125 1385 4178 Haec
1404 4122 1499 4180 sabula
1514 4144 1590 4182 ιιιιιιι·
1608 4126 1732 4204 priunum
1752 4129 1871 4186 accedit.
1892 4132 1938 4188 Bis
1957 4131 2018 4186 euim

1278 4210 1382 4266 eitaurr
1395 4211 1431 4267 ab
1448 4213 1556 4269 Orione
1574 4215 1600 4269 iu
1616 4215 1877 4292 Autholognomico
1901 4219 1941 4276 tit.
1956 4223 2018 4288 λ’,μ

1277 4310 1305 4354 et
1317 4299 1358 4355 tit.
1373 4302 1420 4366 VI,
1433 4301 1460 4354 6.
1472 4299 1694 4372 Solaeidewinus,
1709 4306 1758 4378 qui
1781 4305 1872 4362 edidit
1889 4309 2019 4365 Orionem.

1277 4385 1312 4441 ad
1334 4388 1526 4444 Heracliseum
1544 4391 1639 4447 urrmia
1658 4411 1719 4448 esse
1739 4393 1889 4450 reserenda
1909 4395 1955 4460 ait,
1967 4411 2019 4467 qut·

1277 4493 1311 4528 ex
1328 4473 1453 4553 Ἠρακλεῖ
1467 4478 1511 4532 vel
1528 4475 1653 4554 Ἡρακλεῖ
1673 4483 1805 4560 σατυρικῷ
1818 4481 1975 4538 afferantur.
1988 4489 2018 4536 tt

1277 4561 1385 4617 incerta
1401 4578 1466 4620 suut
1481 4567 1589 4634 omuia;
1603 4567 1826 4644 fragmentorum
1840 4586 1932 4628 tamea
1945 4571 1964 4626 is
1977 4591 2017 4622 ro

1277 4646 1322 4702 lor
1336 4661 1388 4720 est,
1411 4665 1442 4707 ut
1461 4672 1478 4708 a
1500 4655 1604 4729 tragica
1627 4656 1769 4732 gravitate
1791 4679 1848 4715 uon
1868 4659 2017 4716 abluerant.

1277 4740 1348 4792 Sunt
1371 4751 1463 4794 autem
1480 4741 1540 4796 lraec
1556 4745 1588 4814 V,
1600 4765 1637 4818 9²
1655 4743 1704 4802 'lix
1717 4751 1762 4802 τοῦ
1786 4745 1957 4823 Ἡρακλίσκου
1977 4767 2017 4802 τα·

1276 4828 1393 4904 τυρικῆς’

1276 4948 1357 5028 [740]
1365 4949 1508 5038 Κρεῖσσον
1520 4951 1593 5026 θεοῖς
1601 4949 1657 5044 γὰρ
1668 4951 1686 5022 ’λ
1697 4955 1816 5043 βροτοῖς
1826 4955 1909 5047 χᾶρῑν
1922 4953 2015 5044 φέρω·

468 5073 2016 5106 ·-———-———-——————---.---...-.-

460 5213 556 5283 ltaque
568 5215 662 5268 Ionem
679 5222 784 5286 oportet
796 5144 891 5270 cidiis
904 5231 1017 5287 porcum
1030 5225 1061 5272 ut
1075 5218 1199 5289 ligatum.

805 5299 820 5346 7
861 5334 867 5347 .

459 5367 638 5438 Collegiligna
645 5373 779 5442 atquibus
786 5300 1099 5430 adiciendamllammam
1108 5392 1177 5448 opus
1185 5378 1220 5432 sit

458 5445 573 5520 nequid
588 5463 682 5504 eorum
698 5451 798 5506 interea
812 5453 877 5508 milri
891 5451 1007 5508 deesset.

1623 5157 1684 5216 733.

1287 5245 1418 5297 vertunt?
1427 5242 1512 5300 sontis
1524 5249 1664 5304 custodem
1676 5249 1839 5306 incolentem
1850 5257 1992 5322 serpentem

1619 5370 1680 5419 740.

1288 5454 1385 5513 Melius
1396 5457 1449 5514 diis
1459 5458 1531 5514 enim
1544 5474 1625 5532 quam
1639 5460 1799 5518 nrurulibus
1809 5463 1906 5534 gratias
1919 5473 1998 5532 agur.
