4567 6425
460 732 516 783 286

461 852 527 929 plex
546 857 620 906 esset
649 838 825 918 inscriptio,
846 836 937 895 dtero
957 844 1023 889 ntro
1041 832 1158 889 noxxxine
1171 831 1216 887 ei·

462 937 523 994 tari.
532 933 637 991 Nescio
649 950 685 987 an
697 929 761 986 viro
770 920 1022 995 doctissina,dum
1033 919 1080 977 ills
1088 918 1215 994 scripsit,

458 1021 597 1079 anemoria
609 1015 768 1076 exciderint
789 1030 852 1088 qnae
866 1010 1001 1085 leguntur
1011 1006 1089 1085 apud
1100 1006 1214 1063 Aristo-

461 1112 546 1169 telem
558 1112 601 1165 lIe
619 1116 695 1182 poet.
708 1105 807 1162 XVIII
825 1121 832 1155 :
847 1095 1002 1179 Τραγῳδίας
1024 1094 1054 1151 δι’
1072 1096 1139 1153 aleas
1161 1090 1217 1163 ιῖδη

459 1194 634 1274 τέσσαρα...ἡ
649 1189 696 1267 μὲν
709 1184 878 1264 πιπλιγμάνη
934 1187 951 1253 ἡ
969 1180 997 1241 δὲ
1007 1178 1151 1253 παθητικὴ,
1165 1170 1219 1237 olas

461 1283 488 1342 ol
509 1305 538 1340 τε
554 1278 662 1347 Αἴαντες
681 1275 726 1335 καὶ
749 1272 901 1341 οἱἸξίονις·
924 1274 941 1341 ἡ
965 1268 993 1325 hi
1012 1267 1101 1339 ἠθικὴ,
1117 1257 1170 1324 οἷον
1190 1267 1218 1322 αἱ

460 1366 605 1431 Φθιώτιδις
618 1366 663 1425 καὶ
681 1368 696 1422 ὁ
709 1360 821 1435 Πηλεύς.
846 1360 984 1435 Exiguum
998 1356 1115 1431 quidem
1128 1354 1219 1411 inter·

457 1457 539 1515 ·cedit
559 1454 711 1512 discrimen
729 1451 805 1508 iuter
820 1444 1121 1509 commemorationem
1137 1439 1219 1498 labit-

463 1547 565 1615 lmum,
581 1541 717 1618 qnoniam
733 1559 762 1595 τι
774 1536 855 1594 nbest
869 1545 1016 1611 postremo
1027 1530 1110 1600 loco,
1124 1541 1218 1586 tamen

462 1644 495 1690 ut
511 1646 593 1689 antea
606 1628 670 1687 duas
687 1634 917 1685 commemorate
930 1630 996 1677 sunt
1008 1616 1165 1692 tragoediar,
1180 1615 1220 1671 ita

462 1718 557 1777 verbis
577 1715 738 1776 Aristotelis
757 1714 826 1770 satis
845 1710 991 1768 evidenter
1011 1702 1221 1781 comprobatur

463 1803 640 1864 Phthiotidas
657 1823 674 1860 a
691 1801 775 1860 Peleo
797 1795 1012 1874 distinguendas
1033 1812 1103 1850 esse.
1124 1794 1219 1864 Quum

464 1915 499 1953 ex
520 1892 635 1950 nomine
649 1903 766 1965 tamen,
789 1899 851 1943 turn
871 1904 907 1942 ex
928 1884 1010 1952 loco,
1035 1901 1094 1957 qno
1111 1877 1221 1937 labnlns

464 1980 632 2039 Aristoteles
647 1984 869 2045 commemorat,
889 1968 1043 2028 conchulas
1060 1966 1146 2024 simili
1159 1965 1221 2023 illus

465 2080 633 2147 argumento
649 2065 769 2141 scriptas
784 2060 877 2118 fuisse.
897 2063 949 2129 ht,
962 2056 1072 2133 inquit,
1084 2052 1142 2110 duo
1155 2064 1222 2109 sunt

464 2156 661 2215 Phthiotidnm
686 2152 866 2227 lragmenta,
888 2144 994 2223 quibus
1015 2139 1222 2219 comprobatur

466 2242 632 2321 tragediam
648 2252 773 2314 utroque
786 2235 901 2293 nomine
914 2250 977 2290 esse
991 2230 1179 2308 appellatam,
1193 2226 1222 2285 id

465 2329 545 2407 (qnod
565 2330 634 2386 olim
652 2324 829 2384 allatthiaeo
851 2322 882 2378 in
896 2320 1061 2396 fragmentis
1075 2314 1223 2392 Euripidis

467 2439 496 2496 p.
512 2417 567 2473 251
581 2414 742 2489 conjectam
761 2411 809 2467 ait.
827 2412 997 2484 Fragmenta
1010 2404 1061 2461 illa
1073 2402 1189 2481 quidem
1207 2420 1234 2459 a.

466 2501 614 2561 ueteribus
633 2500 776 2567 citantur,
796 2508 865 2553 sunt
884 2514 952 2549 xero
971 2491 1056 2548 valde
1076 2489 1223 2548 dissimilia

466 2611 519 2648 nec
541 2588 596 2645 uisi
619 2586 786 2665 conjectura
811 2601 913 2660 parrum
934 2578 1066 2638 credibili
1087 2577 1224 2656 conjungi

467 2688 598 2757 possunt.
621 2679 683 2749 Qua
713 2672 819 2749 rejecta
844 2670 1000 2745 fragmenta
1022 2687 1059 2723 ex
1080 2665 1224 2723 Welckeri

467 2764 605 2823 sententia
627 2760 763 2840 explicari
779 2778 837 2816 non
852 2767 982 2835 possunt.
1003 2758 1105 2831 ltaque
1127 2754 1225 2830 potior

467 2852 551 2910 nobis
559 2852 620 2909 risa
631 2862 673 2907 est
679 2846 839 2906 Aristotelis
848 2844 1015 2911 auctoritas,
1029 2861 1086 2918 qua
1095 2842 1222 2918 permoti

468 2941 585 2998 nomina
595 2936 797 3014 disjunximus,
813 2932 984 3009 duabusque
998 2929 1143 3005 tragoediis
1158 2930 1225 2985 vlai-

467 3027 633 3088 dicavimus.

508 3123 552 3176 De
565 3115 732 3193 argumento
747 3122 841 3169 atatem
853 3110 993 3167 nonsatis
1009 3118 1137 3177 constat,
1154 3106 1223 3182 qnid

468 3203 626 3284 Sophocles
638 3200 810 3260 tractaverit.
824 3202 897 3257 Sunt
910 3198 989 3256 enim
1004 3195 1085 3254 valde
1096 3194 1223 3266 diversa,

468 3311 533 3367 quae
558 3301 670 3348 veteres
690 3286 726 3344 de
749 3289 835 3348 Peleo
860 3286 1005 3343 memorias
1031 3283 1223 3340 tradiderunt.

468 3381 610 3434 Homerus
629 3373 731 3451 odyss.
751 3377 790 3444 h,
805 3375 880 3448 493,
898 3371 1017 3429 Achillis
1038 3369 1223 3426 slmnlaermn

469 3463 535 3521 Iaeit
552 3465 695 3539 inquirere
713 3481 752 3519 ex
773 3463 873 3531 Ulixe,
895 3478 953 3536 qua
972 3471 1050 3516 sorte
1064 3458 1164 3517 Peleus
1178 3458 1224 3526 sit,

469 3549 609 3609 habentne
621 3550 820 3607 auctoritatem
830 3550 904 3605 inter
915 3547 1112 3623 Myrmidones
1124 3565 1160 3602 an
1173 3563 1225 3621 op

469 3660 582 3717 pressns
596 3641 642 3697 sit.
656 3637 737 3698 Iliad.
748 3640 790 3711 Σ,
811 3640 868 3706 434
883 3661 889 3694 :

593 3731 596 3736 ’
744 3757 977 3840 (ananan
993 3761 1081 3840 aaa

546 3859 631 3910 astrui
646 3850 685 3909 tvl
702 3849 825 3931 μεγάροις
839 3845 986 3927 ἀρημένος·
1026 3921 1030 3931 ¹

469 3992 497 4036 et
509 3979 551 4051 ss,
568 3979 625 4046 tut
637 4000 645 4037 t

529 4102 584 4162 Καὶ
598 4100 805 4178 pinnaeulum
820 4097 982 4180 περιναιάται
999 4096 1080 4176 degi<
1092 4095 1177 4162 ἐόντες

526 4187 641 4272 rtipeae’
652 4182 712 4248 otti
723 4188 761 4255 τίς
771 4189 840 4247 locta
852 4185 917 4270 άρὴν
927 4186 972 4244 καὶ
983 4185 1070 4264 λοιγὸν
1086 4189 1192 4261 ἀμῦναι.

469 4321 534 4379 Alia
551 4321 598 4378 alii
615 4333 716 4398 poetae.
732 4319 817 4396 Apud
832 4320 964 4377 Proelnrn
985 4317 1014 4374 in
1031 4319 1151 4395 EpIrum
1163 4319 1223 4376 dis-

469 4407 570 4482 cessit,
584 4407 633 4464 ubi
648 4428 664 4464 n
681 4408 874 4484 Neoptolemo
892 4405 1063 4482 agnoscitur.
1080 4405 1223 4463 Eandem·

469 4514 526 4571 qne
540 4496 706 4552 memoriam
718 4493 857 4555 Pindarus
872 4505 986 4551 secatus
996 4504 1040 4548 est
1053 4497 1135 4550 Nem.
1151 4498 1224 4567 Vll,

470 4585 518 4654 37.
533 4581 687 4659 Euripides
699 4581 730 4638 in
743 4579 906 4638 Troadibus
921 4599 948 4636 ν.
968 4583 1041 4636 1133
1061 4579 1174 4636 Pelenm
1187 4579 1223 4636 ab

468 4675 575 4728 Acasto
597 4689 686 4748 regno
708 4668 858 4746 expulsum
889 4681 1052 4736 rnenxorat,
1074 4667 1225 4726 scholiasta

469 4755 569 4813 eodem
584 4757 648 4813 Ioco
660 4754 697 4812 ab
708 4755 876 4813 Archandro
890 4767 919 4811 et
928 4754 1072 4811 Architele
1082 4754 1136 4811 suh
1150 4767 1221 4812 tem-

470 4864 524 4920 pus
536 4845 756 4923 expugnationis
767 4842 863 4920 Trojae
877 4843 904 4900 id
921 4843 1026 4900 lacteam
1040 4844 1099 4914 ait,
1120 4841 1223 4900 deinde

468 4931 571 4990 abiisse
579 4954 674 4992 senem
685 4931 836 4992 utobviam
845 4933 925 4988 lieret
934 4933 1126 5009 Neoptolemo
1135 4930 1223 5006 Troja

470 5226 529 5292 Ego
541 5223 599 5279 sola
611 5239 720 5280 sensns
736 5223 808 5280 Pelei
822 5149 945 5279 miiitiae
957 5221 1041 5278 larem

469 5317 616 5373 maenaque
637 5301 760 5373 guberno
783 5311 812 5358 et
837 5311 964 5374 tanquam
987 5317 1104 5376 puerum¹
1125 5301 1224 5358 iterum
1254 5279 1260 5290 ¹

469 5458 568 5514 iterum
584 5459 656 5515 enlm
667 5473 732 5530 puer
743 5466 785 5515 est
796 5458 836 5512 alr
845 5457 880 5514 ad
892 5381 1058 5516 seneidiih
1071 5453 1226 5531 provectus.'

1001 699 1208 761 suefloctts
1231 699 1479 763 FRAGMENTA.

1269 829 1409 900 redeunti,
1425 833 1474 891 sed
1489 844 1655 917 tempestate
1668 834 1794 894 delatum
1810 838 1838 893 in
1852 840 1993 897 Canariam·

1269 916 1325 975 lam
1344 919 1443 997 ibique
1456 933 1604 999 receptum
1623 942 1640 980 a
1663 923 1782 981 Melone
1807 924 1912 983 Abante
1929 928 1997 981 rium

1270 1006 1384 1064 finiisse.
1394 1008 1518 1067 Eandem
1531 1030 1591 1067 reru
1602 1010 1874 1070 scholiastaPindari
1883 1014 1999 1087 Pythlll,

1274 1094 1326 1163 167
1341 1096 1443 1171 attigit.
1457 1096 1498 1152 Cl.
1514 1098 1614 1173 Dictys
1627 1102 1677 1167 VI,
1695 1119 1783 1173 7—9.
1796 1098 1912 1155 l'idetar
1926 1114 2000 1155 tamen

1270 1180 1444 1258 Sophocles,
1463 1196 1495 1239 nt
1513 1185 1603 1255 solet,
1621 1189 1779 1243 Homerum
1794 1206 1877 1262 qaam
1892 1188 2000 1264 proxime

1271 1285 1385 1331 secutus
1397 1290 1477 1343 esse;
1488 1286 1565 1331 certe
1580 1294 1636 1329 nnn
1649 1276 1767 1332 eandem
1779 1295 1838 1333 reru
1851 1276 2000 1353 exposusn.

1271 1377 1357 1433 quarn
1369 1361 1532 1439 Euripides,
1547 1362 1597 1437 qui
1613 1363 1665 1420 ista
1677 1363 1802 1439 amplius
1816 1383 1873 1421 nen
1886 1364 2000 1439 explicas·

1273 1458 1316 1502 set
1329 1447 1353 1503 si
1367 1468 1430 1524 qnae
1443 1448 1532 1509 tradit
1545 1461 1612 1507 nom
1627 1450 1746 1507 luissent
1757 1470 1793 1507 ex
1805 1450 1946 1527 Sophocle.
1961 1454 2001 1507 fa·

1273 1529 1342 1591 bala
1353 1536 1429 1593 enim
1441 1550 1507 1594 ante
1518 1538 1568 1596 0I.
1584 1538 1634 1617 89,
1648 1558 1660 1595 ι
1676 1536 1762 1595 docta
1775 1558 1837 1595 esse
1855 1538 1961 1595 videtur.

1312 1622 1440 1681 Maxime
1456 1624 1545 1702 igitar
1557 1624 1696 1685 credibile
1707 1638 1750 1683 est
1766 1647 1782 1681 a
1794 1625 1929 1703 Sophocle
1941 1630 2001 1683 Pele-

1274 1727 1321 1765 um
1335 1709 1530 1769 introductum
1541 1730 1603 1769 esse
1613 1714 2000 1786 aetaoematecmmminnn,

1275 1814 1364 1873 regno
1379 1798 1552 1876 expulsum,
1574 1801 1601 1857 in
1620 1820 1689 1876 agro
1705 1802 1869 1871 eirenem,
1890 1802 2000 1857 anxiliaa

1274 1897 1487 1961 exspectantem
1509 1908 1524 1945 a
1546 1887 1615 1945 filio.
1631 1892 1755 1947 Curatur
1773 1887 1810 1946 ab
1833 1909 1889 1949 aaa
1910 1890 2002 1947 nullan·

1275 1974 1391 2043 vetula,
1407 1994 1472 2050 quae
1487 1975 1568 2033 illum
1585 1976 1614 2033 in
1636 1994 1735 2051 agrum
1754 1990 1852 2033 secuta
1872 1977 1915 2033 sit.
1927 1980 2001 2051 Ileqne

1275 2078 1347 2117 vern
1359 2060 1511 2137 probabile
1526 2075 1568 2120 est
1583 2063 1680 2139 plnres
1693 2063 1874 2121 Phthiotidas
1896 2064 2002 2121 intretis-

1275 2161 1335 2205 etas
1347 2168 1409 2205 esse
1423 2150 1452 2207 in
1468 2149 1579 2221 sabula,
1595 2170 1666 2226 quas
1679 2152 1708 2207 in
1724 2150 1815 2208 choro
1831 2153 1912 2209 luIsse
1930 2151 2000 2205 liele-

1275 2235 1360 2293 herus
1384 2234 1475 2307 dixit;
1498 2258 1591 2314 neque
1605 2238 1682 2297 enixo
1697 2239 1867 2296 adversariae
1880 2238 1946 2296 Pelei
1957 2256 2001 2293 ese

1277 2334 1451 2399 potuerunt3
1471 2324 1634 2381 debuerunt
1655 2336 1750 2382 antem
1763 2325 1927 2383 adversarie
1940 2344 2001 2387 esa,

1276 2410 1372 2486 quiea
1390 2410 1519 2485 civibus,
1539 2412 1588 2488 qui
1610 2413 1695 2469 Peleo
1714 2412 1948 2477 adversabantur,
1960 2412 2001 2465 dn·
2066 2442 2067 2447 κ

1277 2498 1369 2574 tingui
1385 2520 1442 2556 non
1464 2511 1613 2576 poterant;
1631 2500 1655 2556 si
1675 2498 1844 2558 adversarie
1861 2520 1914 2559 nou
1926 2510 2002 2560 erant.

1277 2588 1411 2645 ministrae
1426 2606 1487 2645 esse
1496 2586 1650 2645 debebant.

1316 2675 1431 2753 Prologi
1440 2675 1608 2735 crediderim
1617 2694 1715 2732 versus
1724 2690 1854 2735 serratos
1863 2698 1879 2733 a
1888 2679 2003 2735 Clemente

1277 2762 1473 2820 Alexandrino
1487 2768 1593 2823 Strom.
1608 2766 1667 2833 Vl,
1684 2782 1713 2839 p.
1735 2766 1810 2837 7t8,
1825 2778 1854 2823 et
1870 2766 1948 2822 sclid.
1958 2770 2003 2819 hn-

1277 2849 1371 2925 stuph.
1386 2849 1461 2908 Nnb.
1478 2872 1504 2908 v.
1524 2861 1618 2924 1419:

1277 2977 1359 3060 [tta]
1376 2976 1481 3047 Πηλέα
1496 2976 1547 3041 τὸν
1564 2978 1702 3043 Αἰάκειον
1720 2976 1852 3066 οἰκουρὸς
1869 2976 1935 3066 pti-r.

1374 3098 1593 3183 γιρανταγωγῶ
1605 3081 1821 3157 amaenitate
1837 3090 1933 3157 πάλιν·

1378 3203 1468 3272 πάλιν
1483 3202 1540 3298 γάρ
1558 3204 1639 3284 αὖθις
1655 3210 1755 3284 παῖςὸ
1771 3204 1924 3300 γηράσκων
1938 3200 2001 3288 άιτῖρ.

1278 3351 1378 3426 (Versu
1391 3369 1423 3420 a,
1438 3369 1522 3425 quem
1544 3351 1639 3408 attulit
1667 3351 1753 3408 etlam
1767 3349 1887 3424 'l'ryphn
1908 3349 1931 3402 in
1947 3349 2002 3400 llus.

1279 3434 1413 3496 Cantabr.
1425 3441 1453 3508 I,
1467 3456 1496 3513 p.
1514 3447 1567 3512 49,
1582 3437 1673 3496 utitur
1687 3437 1838 3512 Aristoph.
1858 3437 1906 3512 eq.
1924 3433 2002 3502 inab*

1278 3525 1387 3582 Ancilla
1400 3524 1475 3580 enim
1490 3544 1546 3582 una
1562 3524 1726 3583 introducta
1738 3524 1832 3582 choro
1845 3527 1886 3581 vel
1900 3522 1940 3578 alii
1958 3521 2004 3574 mi-

1279 3613 1343 3668 dam
1362 3611 1492 3668 miseram
1511 3613 1586 3670 senis
1604 3611 1802 3670 conditionem
1825 3611 1950 3690 expernit,
1966 3625 2003 3680 qut

1278 3699 1314 3757 ad
1334 3719 1472 3758 summam
1490 3713 1663 3758 senectutem
1693 3714 1849 3778 provectus
1869 3701 1902 3756 ab
1921 3697 2005 3754 inlana·
2065 3741 2066 3774 3

1279 3815 1337 3852 non
1351 3793 1464 3852 diflerat
1476 3813 1569 3871 neque
1578 3795 1633 3853 alio
1646 3796 1733 3852 modo
1742 3815 1830 3871 quam
1846 3813 1912 3872 puer
1921 3789 2005 3848 habra-
2065 3819 2066 3862 q

1278 3881 1333 3940 dtis
1344 3883 1389 3940 sit.
1400 3882 1684 3940 WelclterasPelenm
1695 3884 1757 3940 vult
1768 3897 1899 3960 tanquam
1909 3897 2004 3956 pnemn

1278 3967 1374 4026 denuo
1387 3969 1515 4046 institui,
1539 3969 1617 4045 qnod
1638 3971 1732 4028 miuus
1754 3969 1867 4028 ridetur
1886 3965 2005 4026 sententia

1279 4069 1521 4127 cousentaneum
1536 4076 1601 4114 traua
1617 4058 1688 4132 ¹uitae
1711 4058 1901 4126 instituimur,
1919 4073 1965 4110 nitu
1978 4051 2004 4106 td

1280 4143 1486 4213 moriendum,
1506 4163 1600 4220 neque
1623 4145 1725 4202 ancilla
1749 4145 1848 4202 literas
1870 4143 1952 4210 docet,
1968 4137 2004 4192 ,ed

1279 4230 1459 4308 paedagogae.
1467 4215 1605 4290 Procedit
1613 4231 1717 4288 deinde
1728 4232 1838 4302 Peleus,
1850 4249 1928 4307 quern
1937 4243 2004 4302 quim

1278 4319 1382 4378 choras
1397 4319 1484 4392 ridet,
1500 4320 1562 4378 haec
1572 4320 1612 4378 ait
1623 4319 1734 4398 (Steph.
1746 4321 1777 4378 in
1793 4319 1901 4392 Δώτιον,
1913 4317 1940 4378 Σ
1953 4316 1989 4373 ΙΙ.·

1278 4443 1361 4530 [215]
1414 4446 1556 4523 Βασιλιὺς
1570 4449 1669 4539 χώρας
1686 4455 1741 4524 τῆς
1758 4439 1919 4520 heridios.

1277 4579 1561 4640 commiserationem
1574 4579 1650 4638 enim
1665 4578 1705 4636 ita
1726 4580 1788 4636 vult
1802 4599 1887 4655 quam
1907 4573 2004 4632 maaian

1279 4667 1397 4736 rainneri,
1409 4665 1489 4743 quod
1503 4668 1553 4743 qui
1568 4679 1652 4724 tantae
1663 4667 1846 4743 imperaverit
1859 4677 1941 4726 terrae.
1950 4659 2005 4716 adn·

1277 4757 1313 4814 sit
1327 4756 1475 4822 desertus,
1498 4768 1531 4814 ut
1551 4755 1588 4812 ab
1600 4775 1657 4814 una
1680 4769 1790 4812 tantum
1805 4773 1883 4814 serva
1903 4761 2005 4808 erinna.

1277 4845 1388 4904 Deinde
1402 4845 1491 4902 multa
1508 4844 1543 4901 de
1558 4845 1633 4903 illius
1648 4845 1752 4904 misera
1771 4843 1929 4901 conditione
1947 4835 2005 4892 dixu

1278 4953 1339 4992 esse
1354 4931 1496 4992 videatur.
1511 4931 1590 4992 Stob.
1604 4935 1709 5003 CXXI,
1727 4953 1764 5007 9:
1781 4933 1812 4992 Σ.
1827 4933 1863 4990 Π.

1622 5149 1684 5202 215.

1468 5245 1525 5298 Rex
1537 5251 1615 5298 terra
1629 5241 1759 5298 noriam.

1622 5361 1684 5410 216.

1330 5461 1444 5515 Praestat
1458 5459 1530 5515 enim
1546 5475 1600 5516 non
1614 5473 1673 5516 esse
1687 5474 1766 5530 quam
1781 5455 1849 5512 inale
1860 5453 1946 5508 sisere.
