4567 6425
451 726 507 781 uto

449 855 486 904 At
500 844 571 904 illud
582 843 630 901 vix
644 839 793 920 probabile
805 852 862 910 cst,
884 839 951 916 (poia
970 840 1129 917 Hippolyta
1147 856 1203 899 urta

447 953 512 991 cum
528 933 632 1008 Pelope
654 948 741 986 curru
755 926 921 985 vehebatur.
943 927 1203 997 Quocircacredi·

376 1030 382 1055 ‘-
448 1019 534 1078 bilius
545 1029 588 1076 est
598 1015 684 1074 verba
697 1012 844 1091 cujusdam
861 1035 922 1072 esse
938 1013 974 1072 ad
986 1034 1107 1091 equum,
1124 1026 1157 1070 ut
1170 1014 1204 1071 il-

448 1106 506 1164 lum
519 1106 550 1163 in
559 1124 673 1163 cursum
684 1104 800 1161 excitet.
812 1107 913 1179 Itaque
922 1103 1029 1160 nuncio
1044 1101 1202 1160 tribuerim.

448 1193 547 1253 Eidem
558 1190 737 1251 adscribendi
753 1202 820 1248 suot
834 1189 892 1247 duo
904 1191 952 1248 alii
962 1208 1062 1247 versus
1073 1190 1144 1247 Attii
1157 1212 1164 1245 ε

448 1306 1204 1387 Saxumidlacitaugustitatemet'subeosaxoexuberaus

447 1395 567 1451 scatebra
579 1394 661 1449 lluvia
671 1392 760 1449 eradit
773 1408 876 1465 rupem.

447 1510 533 1568 Varie
555 1508 686 1586 explicati
710 1521 777 1565 sunt
807 1526 905 1565 versus
936 1506 1014 1584 apud
1043 1506 1202 1584 Diogenem

447 1596 591 1655 Laertimn
604 1597 635 1653 in
646 1596 710 1653 Vita
723 1595 875 1664 Arcesilai,
889 1599 939 1664 lV,
956 1595 992 1651 35
1008 1617 1015 1650 :
1034 1593 1104 1671 Πρὸς
1121 1592 1148 1652 δὲ
1161 1594 1205 1651 τὸν

449 1682 608 1742 δανειστικὸν
622 1683 667 1742 καὶ
680 1684 817 1762 ριλολογον
830 1682 937 1739 εἰπόντα
945 1705 971 1739 τι
981 1684 1082 1757 ἀγνοεῖν
1096 1678 1155 1761 έρη·

448 1823 528 1900 [stt]
546 1817 679 1893 Λήθουσι
694 1816 753 1909 γάρ
769 1841 818 1881 τοι
834 1816 969 1906 κάνέμων
984 1804 1116 1919 διέξοδοι

542 1932 661 2003 θήλειαν
678 1930 755 2021 ὄρνιν
765 1934 843 2003 πλὴν
856 1933 930 1995 ὅταν
947 1930 1036 2007 τόκος
1052 1938 1145 2022 παρῇ.

448 2064 530 2126 Ἔστι
544 2065 573 2124 δὲ
585 2071 669 2124 ταῦτα
681 2066 712 2123 ἐκ
724 2069 770 2122 τοῦ
785 2064 918 2141 Οἰνομάου
938 2065 1109 2145 Σοφοκλέους.
1124 2068 1204 2127 Conl.

450 2156 531 2216 Suid.
545 2175 571 2212 ν.
583 2151 697 2229 Διέξοδοι
717 2166 746 2210 et
758 2152 885 2226 Λήθουαι,
906 2154 979 2210 Plut.
995 2158 1069 2212 Mor.
1085 2176 1113 2232 p.
1128 2159 1205 2228 718,

450 2249 476 2303 A
495 2243 555 2321 (qui
574 2240 703 2311 πλήθουσι
719 2239 823 2319 habet,
839 2240 894 2297 alia
908 2260 1028 2317 prorsus
1041 2242 1204 2321 sententia).

449 2331 616 2387 Welclrerus
641 2346 722 2403 spem
743 2327 857 2404 Pelopis
879 2327 999 2387 indicari
1028 2341 1126 2408 putat;
1153 2350 1207 2407 ego

451 2418 547 2494 potius
573 2434 712 2473 summam
743 2434 842 2472 curam
871 2414 1016 2492 cujusdam
1039 2418 1068 2473 in
1092 2437 1205 2476 summo

451 2505 615 2564 discrimine
624 2504 781 2574 versantis,
795 2502 846 2580 qui
860 2504 928 2561 alias
938 2504 1127 2579 negligentior
1141 2506 1204 2561 lue-

452 2594 498 2651 rit.
516 2588 561 2651 a'd
584 2593 692 2649 instans
702 2591 944 2668 igiturcertamen
957 2592 1140 2650 referendum
1155 2606 1207 2649 est.

451 2682 548 2742 Choro
562 2678 706 2738 tribuendi
726 2691 793 2737 suut
812 2699 912 2737 versus
930 2680 1008 2757 apud
1033 2682 1207 2759 Aristopha-

452 2789 517 2829 nem
528 2772 581 2826 Av.
598 2769 691 2839 1337:

452 2897 532 2975 [⁴⁷8]
550 2896 692 2988 Γενοίραν
706 2897 790 2975 ἀετὸς
802 2893 952 2985 ὑψιπέτας

453 3013 492 3085 ὡς
509 3006 544 3075 ἂν
563 3010 720 3083 ποταθείην
737 3013 811 3103 ὑπὲρ
828 3011 993 3105 ἀτρυγέτου
1010 3016 1143 3103 γλαυκᾶς
1160 3017 1206 3079 tr·

981 3117 1077 3215 οἶδμα
1087 3126 1206 3220 λίμνας.

453 3259 565 3317 Chorus
574 3269 656 3336 optat
676 3271 708 3315 ut
721 3259 772 3317 alis
783 3259 939 3318 instructus
951 3263 1099 3320 certamini
1112 3264 1210 3322 adesse

454 3348 552 3423 possit.
562 3344 735 3421 Hesychius:
747 3346 829 3424 [tta]
836 3349 971 3427 ἀρουραῖος
977 3349 1116 3425 Οἰνόμαος.
1124 3355 1211 3430 Δημο-

454 3431 545 3503 σθένης
554 3431 682 3510 Αἰσχίνην
694 3430 774 3496 οὕτως
787 3431 846 3513 έρη,
857 3433 913 3492 ἐπεὶ
923 3433 992 3493 κατὰ
1002 3435 1050 3506 τὴν
1062 3437 1151 3518 χώραν
1164 3460 1211 3497 rre-

456 3521 577 3600 ρινοοτῶν
590 3517 741 3596 ὑπεκρίνετο
754 3518 917 3600 Σοροκλέους
931 3522 974 3580 τὸν
987 3523 1129 3600 Οἰνόμαον.
1138 3531 1211 3585 Fra-

455 3620 601 3685 gmentum
612 3649 622 3676 ,
634 3605 726 3682 ·quod
746 3625 764 3664 a
780 3607 934 3684 Sophoclis
956 3613 1105 3670 OEnomao
1127 3615 1212 3692 piane

455 3695 579 3753 alienum
590 3705 653 3764 est,
667 3693 753 3751 docet
765 3694 851 3752 etiam
864 3695 893 3752 in
908 3715 978 3773 agro
992 3699 1160 3759 Atheniensi
1175 3701 1212 3760 lu·

456 3782 553 3839 bulum
567 3782 681 3839 doctam
694 3799 765 3838 esse.

746 3936 932 3962 *¹⁸*-

756 4037 917 4099 ATREUS.

496 4173 563 4227 Duo
591 4172 791 4231 tautummodo
821 4175 978 4252 fragmenta
1006 4192 1118 4239 servata
1150 4197 1215 4242 suot

457 4258 538 4315 Atrei
551 4260 715 4336 tragoediae,
729 4262 884 4340 exquibus
898 4263 933 4322 de
949 4269 1157 4343 compositione
1177 4273 1216 4329 il-

457 4345 512 4402 lius
525 4365 584 4402 non
595 4349 683 4405 multa
693 4350 790 4426 colligi
799 4367 929 4428 possunt.
940 4356 1034 4414 Attius
1044 4377 1113 4415 vero
1126 4379 1214 4437 quum

458 4431 554 4490 latinis
567 4433 697 4492 versibus
710 4436 837 4495 imitatus
853 4426 915 4496 esse
931 4441 1079 4516 videatur,
1104 4465 1216 4524 eaquae

457 4519 561 4578 desunt
574 4521 642 4578 inde
655 4523 782 4598 quodum
798 4538 884 4602 pacto
899 4529 1009 4605 expleri
1022 4517 1152 4608 possunt.

497 4613 542 4666 De
556 4609 742 4687 inscriptione
759 4611 901 4689 tragoediae
922 4635 983 4673 non
1006 4621 1073 4676 satis
1095 4634 1215 4680 constat.

458 4694 560 4775 Ἀτρεὺς
571 4695 588 4767 ἦ
600 4699 754 4769 Μυκηναῖοι
772 4700 849 4777 apud
869 4705 1044 4763 Bruoclsiurn
1062 4720 1127 4765 est:
1142 4736 1154 4760 ι
1168 4711 1214 4769 Sic

459 4796 535 4856 erat,
548 4784 660 4861 inquit,
676 4787 774 4844 titulus
789 4786 940 4862 dramatis,
952 4811 1011 4849 nou
1033 4795 1172 4870 Μυκῆναι,
1185 4813 1215 4855 ut

459 4871 547 4948 vulgo
557 4873 673 4948 iegitur.
688 4876 834 4933 Posterius
848 4897 983 4937 nomena
998 4884 1129 4957 personis
1147 4885 1214 4961 qui-

460 4958 514 5017 bus
528 4971 639 5018 constat
652 4961 766 5020 chorus.
780 4989 793 5014 ι
811 4965 978 5024 Welclcerus
994 4988 1098 5026 nomen
1120 4972 1217 5044 Μυκη-

459 5053 532 5104 ναῖοι
543 5047 573 5103 in
588 5067 619 5105 se
633 5049 788 5126 vituperari
804 5071 890 5129 posse
904 5067 986 5130 negat
996 5098 1004 5125 ,
1016 5075 1116 5113 verum
1130 5078 1215 5134 argu-

991 704 1201 767 soruoctls
1222 702 1469 766 FRAGMENTA.

1255 848 1350 893 mento
1378 838 1472 895 minus
1500 838 1652 893 convenire
1679 836 1781 907 docet,
1811 840 1880 917 quia
1907 840 1997 900 chone

1254 925 1381 982 virorum
1397 926 1566 1003 requiratur.
1581 930 1668 983 Recte
1678 926 1707 984 id
1720 929 1840 987 sortasse
1854 930 1902 989 vir
1913 932 1999 990 doctis

1254 1012 1344 1070 simus
1357 1012 1532 1090 disputavit,
1547 1014 1596 1071 sed
1608 1014 1672 1091 quis
1685 1016 1756 1072 certi
1765 1016 1842 1093 ,quid
1862 1018 1893 1074 in
1906 1038 1935 1075 re
1952 1033 1997 1077 tau

1255 1098 1363 1157 incerta
1377 1114 1490 1177 tamque
1504 1100 1638 1178 ambigua
1651 1104 1907 1179 pronunciaverit?

1295 1188 1425 1247 Mirabile
1448 1202 1490 1246 est
1509 1203 1647 1267 quantum
1671 1205 1783 1249 veteres
1804 1196 1956 1273 scriptores
1976 1200 1998 1253 in

1256 1274 1420 1333 enarrandis
1435 1276 1499 1334 sutis
1513 1277 1592 1334 Atrei
1609 1277 1751 1355 hujusque
1767 1280 1862 1339 fratris
1882 1284 1998 1357 Thyestis

1256 1362 1399 1421 dillerant.
1414 1364 1615 1440 Antiquiores,
1628 1370 1786 1439 Homerus,
1800 1370 1949 1437 Hesiodus,
1960 1374 1997 1427 alii

1257 1450 1328 1508 nihil
1351 1452 1494 1509 memoriae
1513 1451 1549 1509 de
1569 1452 1711 1511 discordia
1731 1455 1852 1513 fratrum
1873 1459 1997 1535 prodide-

1256 1552 1338 1605 runt,
1353 1560 1437 1617 quam
1451 1542 1480 1597 in
1496 1541 1671 1599 horrendum
1687 1540 1806 1600 modurn
1826 1548 1996 1601 excoluerunt

1258 1628 1365 1705 tragici.
1386 1633 1462 1686 Ante
1485 1628 1705 1687 Alcmaeonidem
1738 1632 1901 1690 Welclserus
1929 1632 1998 1689 doru

1257 1713 1329 1771 nihil
1344 1715 1463 1791 reperiri
1480 1736 1538 1791 quo
1553 1716 1718 1774 dissensisse
1733 1718 1837 1775 iratres
1854 1720 1996 1795 colligatur.

1297 1804 1409 1872 Atreus,
1421 1803 1532 1879 Pelopis
1542 1817 1570 1862 et
1583 1806 1784 1882 Hippodamia
1795 1808 1879 1879 lilius,
1890 1820 1949 1883 post
1957 1828 1998 1883 ps-

1258 1887 1308 1946 tris
1320 1888 1430 1947 obitum
1446 1910 1565 1966 regnum
1580 1892 1657 1949 solus
1670 1891 1808 1961 obtinuit,
1822 1894 1942 1968 Thyeste
1953 1896 1998 1951 lra-

1258 1989 1301 2034 tre
1313 1977 1441 2049 excluso,
1454 1980 1502 2054 qui
1518 1980 1613 2035 minor
1623 1992 1684 2037 erat
1697 1992 1776 2037 natu.
1791 1982 1934 2039 Seoecaesi
1946 2002 1997 2037 cre

1257 2063 1361 2135 dimus,
1381 2065 1481 2122 smtres
1502 2066 1576 2123 inter
1598 2087 1627 2123 sc
1650 2069 1726 2144 pacti
1745 2081 1832 2138 sunt,
1857 2081 1887 2126 ut
1900 2070 1997 2125 alternis

1259 2163 1420 2228 regnarent.
1434 2160 1524 2211 Atreo
1534 2166 1628 2211 autem
1639 2175 1728 2232 quum
1740 2174 1830 2233 agnus
1842 2176 1947 2225 aureus,
1957 2158 1995 2229 qui

1258 2256 1346 2313 regno
1364 2238 1455 2297 fatalis
1475 2240 1547 2311 luit,
1563 2243 1699 2299 Mercurii
1718 2244 1901 2315 interventu,
1921 2256 1949 2301 ut
1961 2244 1997 2299 liic

1259 2326 1348 2383 lilium
1365 2346 1447 2384 sunm
1467 2329 1617 2403 Myrtilum
1640 2330 1670 2385 in
1686 2332 1824 2407 progenie
1839 2330 1945 2408 Pelopis
1961 2332 1994 2385 ul·

1259 2415 1430 2482 cisceretur,
1453 2416 1640 2493 contigisset,
1661 2416 1804 2475 discordia
1825 2418 1898 2474 inter
1914 2417 1996 2473 iratres

1260 2515 1323 2559 orta
1343 2516 1406 2575 est,
1428 2523 1552 2580 quorum
1576 2516 1696 2581 uterquc
1719 2523 1839 2581 reguum
1861 2504 1996 2562 allaturis.

1260 2591 1399 2667 Thyestes
1410 2611 1479 2649 vero
1496 2596 1629 2670 Aeropa,
1651 2591 1731 2649 Atrei
1752 2593 1867 2658 uxoris,
1881 2611 1956 2668 quam
1968 2592 1995 2646 ad

1259 2678 1430 2735 adulterium
1445 2678 1581 2755 pellexit,
1599 2678 1707 2736 auxilio
1727 2696 1804 2753 agno
1826 2680 1928 2757 potitus
1945 2690 1995 2743 est,

1260 2776 1289 2822 at
1301 2766 1426 2822 criminis
1435 2764 1563 2822 conscius
1574 2765 1604 2822 io
1616 2764 1734 2823 exilium
1744 2763 1824 2826 abiit.
1837 2774 1932 2825 Atreus
1942 2786 1996 2823 seru

1261 2853 1352 2910 illatas
1366 2851 1421 2909 sibi
1434 2872 1450 2909 a
1464 2852 1552 2910 lrntre
1565 2851 1682 2928 injurias
1698 2854 1799 2911 ulcisci
1818 2854 1929 2930 cupiens
1942 2870 1994 2909 cum

1261 2939 1311 2996 illo
1323 2942 1419 3017 specie
1430 2940 1459 2997 in
1474 2940 1594 3016 gratiam
1604 2940 1706 3013 rediit;
1720 2941 1767 2997 cui
1781 2960 1869 3017 quum
1879 2940 1995 3015 Thyestes

1263 3028 1346 3086 lidem
1364 3027 1473 3085 habens
1491 3028 1520 3085 in
1536 3046 1654 3105 regnum
1669 3028 1850 3101 revertisset,
1861 3036 1955 3087 Atreus
1964 3028 1993 3085 li-

1263 3116 1347 3174 beros
1362 3115 1516 3175 vescendos
1527 3115 1553 3172 ei
1566 3115 1701 3193 apposuit
1721 3116 1894 3193 mixtumque
1911 3134 1995 3172 errrore

1263 3225 1362 3263 eorum
1381 3204 1481 3262 vinum
1503 3200 1661 3261 bibendum
1683 3201 1772 3264 dedit.
1794 3206 1910 3283 Epulato
1928 3202 1992 3261 [ratri

1262 3292 1380 3350 brachia
1393 3304 1421 3349 et
1430 3311 1482 3349 ora
1492 3310 1645 3369 puerorum
1658 3292 1794 3353 ostendit.
1807 3291 1851 3350 Ob
1864 3294 1913 3350 tale
1920 3295 1993 3349 scelus

1264 3382 1347 3440 etiam
1362 3381 1403 3444 sol
1419 3398 1533 3437 cursum
1546 3397 1629 3436 suum
1643 3380 1758 3450 avertit,
1770 3401 1807 3438 ne
1822 3393 1895 3438 uota
1905 3379 1992 3436 rideret

1264 3469 1378 3545 llagitiu.
1397 3467 1519 3543 Cognito
1539 3467 1645 3524 scelere
1666 3468 1806 3544 Thyestes
1823 3469 1907 3547 patria
1926 3467 1990 3542 lugit.

1264 3559 1306 3616 Cl.
1322 3557 1410 3614 schol.
1424 3556 1523 3633 Eurip.
1537 3557 1572 3613 ad
1585 3560 1680 3614 Orest.
1692 3559 1750 3614 8οο
1765 3569 1795 3614 et
1808 3557 1881 3633 989,
1896 3561 1992 3612 Prusia.

1265 3647 1420 3715 11,18,2.

1304 3745 1397 3814 Quum
1412 3739 1495 3816 plane
1508 3740 1649 3798 incertum
1661 3740 1697 3797 sit
1709 3759 1839 3817 quanam
1851 3760 1885 3799 ex
1898 3737 1935 3796 lis
1944 3751 1994 3810 que

1266 3827 1404 3905 descripsi
1424 3827 1579 3906 Sophocles
1598 3828 1628 3885 in
1646 3847 1727 3885 sunm
1744 3849 1805 3886 rem
1829 3823 1993 3888 converterit,

1268 3931 1359 3975 tamen
1375 3913 1513 3974 credibile
1524 3927 1567 3972 est
1581 3915 1616 3972 ab
1631 3917 1681 3972 illo
1695 3914 1794 3974 eadem
1807 3937 1867 3974 esse
1877 3913 1992 3990 explodit,

1266 4024 1329 4081 qnae
1346 4003 1494 4079 AEscbylus
1511 4003 1539 4059 in
1559 4009 1775 4079 Agamemnone
1800 4004 1870 4061 1583
1890 4013 1915 4058 et
1930 4015 1990 4072 seqq-

1265 4093 1367 4168 attigit.
1379 4096 1412 4148 lo
1423 4109 1481 4167 quo
1493 4103 1587 4148 tamen
1596 4110 1653 4147 noo
1664 4102 1776 4148 constat
1788 4111 1855 4148 num
1864 4085 1993 4166 sophocles

1265 4199 1370 4256 agnum
1385 4179 1497 4236 latalem
1509 4197 1597 4234 aureo
1608 4177 1714 4235 vellere
1730 4179 1877 4255 preditum
1891 4191 1993 4234 count·

1266 4267 1403 4335 morarir,
1427 4263 1508 4340 cujus
1529 4265 1636 4322 mentio
1660 4265 1734 4322 factu
1761 4279 1805 4322 est
1822 4264 1858 4322 ab
1882 4258 1992 4336 Euripide

1266 4359 1359 4414 Oresr.
1372 4355 1429 4409 800
1447 4365 1475 4409 et
1488 4351 1524 4409 ab
1535 4352 1636 4422 Attio,
1653 4353 1703 4428 qui
1723 4352 1753 4409 id
1770 4355 1918 4409 stabilimen
1932 4347 1994 4418 regri

1266 4443 1400 4520 appellat.
1412 4447 1449 4498 At
1470 4460 1528 4497 non
1544 4425 1795 4518 est'improbabile
1812 4435 1962 4515 Euripiden
1973 4429 1992 4486 nl

1267 4532 1359 4608 ipsum
1372 4550 1408 4586 ex
1421 4527 1610 4604 ignotioribus
1630 4528 1797 4586 assumsisse
1817 4527 1928 4594 sabulis,
1939 4521 1992 4596 quit

1267 4617 1424 4695 Sophocles
1447 4635 1504 4672 non
1525 4615 1673 4692 attigeret,
1695 4617 1851 4694 prasertim
1868 4629 1945 4692 quum
1958 4607 1993 4664 bic

1267 4705 1295 4762 in
1313 4705 1422 4762 Electra
1440 4703 1594 4778 lsi-5⁰⁸
1614 4703 1711 4761 omniu
1726 4702 1918 4781 Pelopidarum
1937 4695 1993 4752 malr

1268 4794 1371 4852 referat
1386 4793 1421 4851 ad
1437 4813 1533 4851 necem
1547 4793 1658 4868 Myrtili
1669 4805 1698 4850 et
1711 4793 1741 4850 in
1763 4793 1849 4870 Ajace
1865 4790 1898 4850 ad
1911 4804 1993 4846 roorr·

1267 4883 1347 4940 vium
1362 4883 1448 4939 Atrei.
1471 4885 1571 4958 ltaque
1582 4879 1756 4938 credendum
1771 4895 1813 4938 est
1830 4879 1929 4938 Attium
1942 4875 1993 4934 illa.

1268 4971 1335 5047 quia
1346 4990 1381 5028 ex
1393 4969 1532 5047 Euripide
1543 4968 1627 5027 valde
1645 4981 1713 5026 nota
1727 4980 1826 5039 erant,
1840 4971 1867 5024 in
1882 4981 1950 5023 suam
1963 4959 1993 5015 lt·

1268 5059 1362 5117 bulum
1378 5057 1529 5116 addidisse.
1542 5058 1584 5118 Cl.
1599 5058 1699 5136 Enrip.
1713 5057 1807 5135 Iphig.
1824 5061 1903 5114 Taur.
1916 5051 1995 5126 795-

457 5171 1996 5201 ——-—-—.——.-—..—-.-—.-.--

810 5263 872 5313 477.

390 5435 393 5442 ,
455 5375 461 5386 ’
533 5377 653 5448 Fugiunt
664 5381 736 5435 enim
748 5383 830 5440 etiam
842 5393 985 5442 ventorum
996 5389 1085 5445 exitus

531 5455 666 5514 ludebam
680 5475 755 5516 arem
769 5463 856 5520 nisisi
870 5475 965 5537 partus
977 5466 1070 5524 instat.
1103 5454 1107 5462 ’

1634 5245 1677 5294 78.

1303 5319 1414 5375 Utinam
1428 5329 1596 5377 converterer
1607 5247 1636 5374 iit
1649 5317 1768 5390 aquilam
1783 5317 1964 5374 uuvotanren.

1246 5451 1252 5462 ,
1302 5406 1333 5453 ut
1347 5397 1464 5468 volarem
1477 5415 1557 5470 super
1568 5398 1731 5455 immensum
1747 5413 1819 5454 mart
1831 5393 1959 5453 caerulotu

1703 5476 1737 5533 ud
1752 5477 1838 5533 undas
1851 5473 1927 5529 larus.
