4567 6425
784 808 993 871 soefloccts
1014 810 1264 875 FRAGMENTA.

259 948 418 1021 Dianamque
449 942 635 1019 perpulisset,
665 940 759 997 Nioba
788 938 885 997 obstat
913 938 999 997 nimis

258 1032 409 1112 superbiens
418 1050 504 1107 unprc
515 1031 598 1097 elata,
610 1028 689 1105 quod
701 1028 907 1085 curramuoione
924 1027 997 1085 deo-

260 1143 311 1178 rnm
328 1120 439 1197 dignata
451 1130 520 1175 erat.
542 1116 601 1175 sed
620 1115 657 1172 ab
672 1115 728 1171 hoc
742 1115 825 1173 initio
846 1135 998 1192 progressa

258 1210 328 1265 nimis
346 1204 544 1283 intemperanti
563 1204 694 1261 oratione
712 1208 849 1261 latonam
866 1203 997 1259 olleudit.

257 1298 369 1371 sperarit
380 1314 483 1354 scaras
496 1307 694 1370 accepturam,
708 1290 786 1369 quod
800 1292 862 1369 ipsa
876 1292 913 1349 ab
926 1296 1000 1349 Jove

259 1384 418 1441 descenderit
428 1383 543 1458 colique
554 1381 673 1458 cupiens
687 1400 751 1437 eum
764 1384 835 1437 Jove
849 1400 936 1457 supra
947 1385 999 1437 La·

259 1488 339 1530 torum
355 1492 472 1529 numero
483 1470 605 1530 liberum
620 1490 681 1525 sese
695 1468 806 1525 extulit.
817 1469 958 1525 Ovidius:

258 1608 312 1655 suin
323 1601 379 1658 tetta
392 1616 400 1654 :
411 1600 472 1672 quis
481 1598 555 1653 euim
565 1606 647 1667 negat
657 1596 729 1653 boc?
744 1596 860 1669 felixque
872 1596 997 1655 manebo.

260 1686 307 1737 ttoc
315 1696 416 1753 qnoque
424 1680 485 1752 quis
494 1678 619 1734 dubitet?
631 1686 718 1733 tutam
728 1694 773 1733 nie
783 1679 859 1749 eopia
869 1676 944 1733 lecit.

259 1764 396 1831 ttajorsnm
408 1777 489 1831 quam
502 1759 546 1814 cui
561 1759 648 1831 possit
662 1758 770 1813 fortuna
784 1773 891 1813 nocere.

259 1841 378 1913 irataque
390 1849 420 1895 nt
429 1840 536 1910 eripiat,
548 1838 634 1892 multo
648 1837 715 1892 milri
730 1836 806 1908 plura
817 1836 962 1909 relinquet.

260 1924 382 1975 incusem
393 1928 497 1974 metum
513 1933 570 1973 mea
581 1917 639 1988 jam
653 1916 735 1972 bona.
752 1916 857 1989 Fingite
871 1915 944 1972 demi

259 2000 316 2055 linit
327 1999 424 2071 aliquid
438 1998 540 2069 populo
553 2006 680 2052 naturum
694 2012 775 2069 posse
789 2012 931 2051 meorum:

261 2083 309 2133 ⁴ton
317 2088 401 2135 unico
413 2078 448 2134 ad
462 2094 606 2133 nnmerum
621 2074 728 2148 redigar
739 2075 852 2147 spoliata
863 2076 980 2131 duorum

260 2161 360 2213 tatone.
374 2158 462 2213 Turba
476 2173 533 2229 quo
546 2164 679 2229 quantum
692 2154 776 2211 distat
789 2154 823 2211 ab
838 2155 922 2210 orba?

261 2286 309 2338 llne
320 2282 410 2339 retulit
427 2283 596 2339 Welclrerns
611 2281 799 2355 fragmentum
821 2279 900 2355 qnpd
924 2286 998 2336 iuter

261 2370 364 2443 nuhyti
378 2370 533 2446 [raginenta
551 2369 748 2444 reposuimus,
767 2367 844 2443 ιμιιιιί
867 2371 904 2425 ita
928 2370 997 2426 scri-

261 2459 304 2530 psit
315 2459 391 2532 (Plnt.
405 2465 487 2517 Craris.
506 2455 543 2513 ad
557 2456 653 2534 Apoll.
669 2456 738 2529 atil:
755 2456 788 2513 Et
803 2460 864 2529 γοῦν
880 2460 896 2524 ἦ
912 2455 997 2528 Νιίδη

259 2544 313 2601 κατὰ
324 2545 376 2611 τὼς
387 2545 478 2621 μύθους
493 2541 633 2625 πρόχειρον
648 2533 704 2622 εἶχε
717 2540 765 2613 τὴν
791 2542 921 2624 ὑπόληψιν
936 2544 997 2603 ταί·

261 2655 306 2699 tp,
319 2632 353 2691 δτι
363 2636 407 2691 οὐκ
419 2636 462 2713 (nt
474 2634 595 2711 opinata
609 2636 681 2708 erat)

338 2754 385 2819 'art
399 2760 534 2819 θαλέθοντι
549 2760 598 2839 βίῳ
612 2760 737 2838 βλάσταις
748 2758 845 2817 τίανων

340 2850 473 2929 βριθομένα
487 2848 614 2929 γλυκερὸν
631 2847 697 2928 qaia<
711 2852 800 2927 δρῶσα

260 2979 398 3049 τελευτήσει,
419 2984 465 3039 οὐκ
483 2979 517 3038 ἂν
538 2978 619 3046 οὕτως
642 2978 835 3060 ἐδυσχέραινεν,
852 2983 886 3043 di:
905 2982 951 3039 καί
968 2982 998 3040 τὸ

260 3072 294 3133 ζῇν
305 3067 389 3127 ἐθέλειν
402 3071 518 3127 ἐκλιπεῖν
529 3066 571 3127 tra
584 3068 615 3127 τὸ
624 3067 730 3146 μίγεθος
744 3073 790 3139 τῆς
805 3080 938 3150 συμρορδς
952 3071 997 3129 καὶ

261 3154 305 3222 νίς
315 3156 378 3224 θεοὺς
390 3160 572 3216 ἐπικαλεῖσθαι
586 3157 753 3237 ἀνάρπαστον
777 3155 858 3229 αὐτὴν
879 3160 997 3234 γενέσθαι

260 3244 308 3321 πρὸς
320 3245 442 3304 δπιίιλιιαν
456 3245 506 3316 τὴν
520 3244 722 3324 χαλιπυιτάτὴν.
736 3253 827 3323 Negat
842 3250 951 3305 Welck.
966 3251 998 3306 il-

261 3333 298 3388 lnd
308 3337 349 3391 ὠιι
359 3334 393 3392 ad
405 3355 504 3392 sersus
519 3336 582 3392 illos
597 3335 776 3392 referendum
788 3357 858 3392 esse.

290 3426 380 3481 l'trnm
394 3439 475 3502 poeta
496 3423 599 3482 Niobae
617 3424 723 3481 liberos
735 3424 765 3481 iu
780 3445 893 3483 scenam
909 3427 996 3482 iudu—

261 3511 997 3586 luitpaldi·incertnmest,acvidetnrexEnstatbio

260 3613 281 3652 οι
298 3604 416 3672 binatio,
436 3623 524 3680 quem
546 3622 633 3679 supra
657 3600 879 3677 descripsimus,
899 3603 994 3679 colligi

261 3704 326 3758 posse
339 3691 365 3746 id
378 3713 434 3748 uon
454 3713 518 3748 esse
536 3690 651 3748 lactum.
667 3689 832 3748 Eustatlrius
856 3702 952 3747 antem
967 3692 995 3747 in

260 3773 318 3832 bunc
339 3779 394 3836 lere
416 3780 533 3837 modum
557 3779 672 3856 scripsit
695 3798 722 3855 p.
750 3780 835 3850 1367,
855 3797 889 3834 ar
909 3801 917 3835 :
939 3780 996 3849 Τῆς

261 3863 366 3937 briarei]
381 3867 501 3948 συμφορά
510 3865 578 3924 κατὰ
592 3866 642 3944 μέν
653 3889 726 3932 τινας
736 3868 764 3923 ἐν
778 3865 872 3945 Λυδία,
886 3868 953 3924 κατὰ
967 3867 995 3926 δι’

259 3971 314 4016 τινας
328 3955 352 4011 ἐν
374 3956 474 4026 Galliae
496 3953 617 4030 γενέσθαι
636 3955 749 4030 λέγεται.
764 3951 847 4034 [316]
860 3956 994 4032 Σοφοκλῆς

259 4037 279 4092 'ii
290 4039 339 4106 τοίις
349 4042 393 4119 μίν
407 4047 502 4110 παῖδας
516 4045 583 4123 αὐτῇ
596 4047 622 4102 ἑν
634 4044 738 4114 θήθαις
753 4043 896 4102 ἀπολέσθαι
906 4047 995 4125 quoia·

259 4125 322 4196 uis-ln
339 4130 364 4188 il
388 4133 421 4197 είς
448 4135 548 4192 Λυδίαν
576 4135 667 4190 ἐλθεῖν.
694 4136 739 4190 Es
768 4133 875 4188 Lutatii
897 4147 993 4191 antem

259 4215 336 4274 urbis
347 4234 461 4297 apparet
471 4222 546 4280 filios
557 4216 743 4292 memoratos,
750 4240 808 4276 nou
823 4234 994 4278 monstratos

258 4323 313 4359 ‘asc-
329 4311 421 4384 Neque
442 4310 525 4367 larcilc
547 4309 717 4386 intelligitur
735 4308 882 4385 quomodo
899 4322 994 4366 tantus

259 4409 372 4452 ”umerus
384 4398 531 4456 conruurde
542 4399 571 4454 iu
582 4417 696 4454 scenam
718 4394 863 4453 introduci
886 4411 993 4474 potne-

260 4478 295 4532 rit
307 4485 402 4542 l'emm
417 4506 474 4544 nou
487 4485 684 4564 improbabile
698 4498 742 4543 est
756 4487 915 4544 occisorum
927 4507 994 4542 cur·

260 4583 314 4636 pora
339 4574 461 4632 ustibus
479 4589 618 4653 cooperta
640 4576 669 4632 iu
687 4595 800 4632 scenam
816 4575 900 4632 allata
921 4595 993 4644 esse,

260 4669 404 4731 quamquam
421 4683 456 4718 ex
482 4664 547 4720 loco
570 4663 713 4721 Plutarchi
728 4669 805 4720 Mur.
824 4683 852 4740 p.
872 4665 938 4733 760,
961 4668 993 4736 li,

258 4753 320 4796 «erro
329 4747 439 4826 colligas
450 4751 557 4808 caedcru
574 4751 690 4809 illorum
707 4771 725 4808 a
746 4755 852 4809 ranucio
867 4773 929 4809 esse
944 4772 992 4808 re-

260 4826 335 4888 latam.

291 4920 465 4996 amphionem
477 4927 646 4985 Welclcrus
660 4929 734 4986 iuter
749 4949 886 5008 personas
900 4930 993 4984 iratro-

259 4997 354 5064 ·lffltnm
365 5029 424 5069 csse
439 5027 548 5083 censet,
561 5035 662 5072 rerum
685 5017 794 5074 unllnrn
810 5030 902 5074 exstat
917 5017 994 5073 iuter

259 5089 392 5161 lragnaeuta
406 5102 553 5174 indicium,
566 5124 625 5181 quo
640 5104 713 5162 illud
725 5105 828 5162 lacteam
841 5127 903 5162 esse
917 5125 993 5161 roru-

260 5179 384 5244 tralatae.
402 5191 431 5246 si
448 5204 543 5248 antem
565 5213 665 5250 versus
687 5193 797 5268 aliquot
817 5215 852 5250 ex
873 5193 1002 5250 Vale-le?

260 5268 316 5324 ¹¹³¹·lt
335 5279 466 5334 sententia
485 5279 521 5337 ad
546 5279 622 5337 itane
640 5280 806 5357 tragoediam
829 5294 906 5338 recte
922 5283 993 5337 rele-

1758 832 1814 883 309

1051 955 1162 1014 rantur,
1191 947 1331 1005 nutricem
1355 971 1371 1005 a
1393 966 1477 1028 poma
1509 950 1701 1011 iutrmlncta'm
1731 954 1814 1013 ride-

1050 1046 1122 1087 mus.

1089 1124 1134 1177 De
1161 1121 1251 1180 choro
1274 1125 1345 1183 nihil
1377 1140 1497 1185 constat.
1531 1128 1617 1206 Apud
1649 1132 1812 1207 AEsrlrylnru

1050 1211 1167 1269 Graecos
1182 1213 1209 1269 iu
1226 1214 1316 1272 cboru
1332 1218 1418 1273 fuisse
1434 1220 1616 1294 putarimus,
1638 1242 1694 1278 urin
1711 1224 1812 1299 Lydos.

1050 1301 1115 1355 Nou
1132 1298 1299 1359 dubitamus
1316 1305 1384 1378 quin
1408 1307 1565 1383 Sophocles
1589 1309 1755 1383 AEscbylnm
1777 1312 1814 1368 sit

1050 1400 1173 1443 secutus.
1202 1393 1302 1467 ltaque
1321 1392 1491 1452 Welclrerns
1508 1396 1642 1453 mulieres
1662 1398 1814 1455 Tlrebauas

1051 1473 1136 1531 luisse
1157 1475 1298 1536 divinarit
1323 1500 1380 1537 nou
1411 1484 1527 1539 ancillas
1555 1506 1647 1561 neque
1672 1506 1736 1561 qnae
1761 1486 1814 1543 sub

1050 1561 1151 1619 Niubae
1173 1564 1295 1642 imperio
1322 1584 1424 1627 esseut.
1447 1573 1540 1628 Multa
1562 1586 1629 1628 snut
1652 1594 1717 1649 qnae
1740 1573 1813 1631 barre

1050 1648 1204 1707 defendant
1218 1656 1405 1729 seutentiam;
1419 1670 1448 1715 at
1466 1660 1569 1737 siquis
1584 1662 1702 1719 chorum
1717 1683 1752 1719 ex
1768 1683 1812 1719 se-

1050 1735 1136 1793 nibus
1149 1742 1340 1816 compositum
1354 1746 1506 1818 censuerit,
1521 1769 1579 1805 non
1596 1748 1813 1825 refragabimur.

1051 1825 1088 1882 tii
1107 1826 1184 1883 enim
1197 1826 1292 1905 impiis
1306 1832 1407 1889 Niobae
1421 1836 1548 1893 consiliis
1564 1836 1673 1893 lirmins
1693 1839 1812 1893 resisto-

1049 1910 1119 1969 baut
1129 1916 1365 1993 constantiusque
1375 1940 1408 1977 ea
1421 1922 1695 2000 ‹leleudelmut,qna÷
1706 1924 1814 1981 violare

1050 2000 1151 2077 religio
1165 2003 1346 2078 prohibebat.
1362 2013 1406 2066 lta
1421 2010 1521 2068 Niobae
1537 2012 1623 2069 elatio
1645 2033 1701 2068 unu
1719 2012 1813 2068 ruinas

1049 2108 1134 2163 quam
1153 2092 1284 2166 impietas
1302 2094 1463 2155 evidentius
1483 2099 1512 2155 iu
1533 2100 1568 2157 iis
1589 2102 1741 2177 apparuit,
1762 2102 1811 2176 qni

1049 2190 1132 2235 aetate
1152 2179 1254 2238 firinati
1270 2182 1341 2241 ileos
1353 2188 1530 2246 sanctissime
1542 2187 1683 2246 colebant.

1088 2270 1132 2321 De
1147 2271 1356 2343 compositione
1372 2276 1515 2351 tragoediae
1529 2276 1590 2333 baec
1605 2276 1661 2334 dici
1677 2289 1811 2355 possunt:

1050 2352 1214 2430 fragmentis
1225 2373 1347 2435 apparet
1361 2382 1377 2419 a
1395 2378 1480 2439 poeta
1494 2366 1614 2423 relatam
1628 2386 1689 2424 esse
1706 2366 1813 2422 «adem

1050 2442 1174 2499 liliorum
1193 2444 1301 2505 Niobae.
1312 2451 1380 2505 Haer
1394 2453 1538 2529 tragoediae
1552 2454 1737 2511 concinnitati
1755 2473 1812 2510 rum

1050 2528 1123 2587 bene
1138 2534 1288 2599 convenit,
1309 2538 1332 2593 si
1358 2540 1453 2596 statim
1475 2541 1558 2599 initio
1580 2541 1725 2619 tragediae
1740 2543 1813 2599 lacta

1049 2631 1138 2685 esset,
1159 2622 1297 2695 qnoniam
1319 2627 1408 2685 animi
1431 2631 1564 2705 graviore
1581 2649 1612 2687 re
1636 2630 1811 2687 rurnmnreri

1049 2725 1108 2763 non
1123 2720 1290 2783 potnerunt.
1311 2716 1428 2772 Rectius
1449 2716 1549 2773 ttiobae
1568 2718 1687 2776 felicitas
1703 2720 1812 2795 prinsa

1050 2807 1135 2870 pocta
1150 2795 1292 2876 descripta
1305 2821 1365 2857 csse
1382 2804 1505 2874 ridetur,
1521 2819 1551 2863 ut
1572 2811 1723 2882 insequens
1737 2808 1812 2863 rala-

1051 2884 1133 2940 mitas
1156 2884 1295 2962 insignior
1320 2888 1402 2947 steret
1422 2894 1523 2950 collina
1546 2896 1665 2971 pristina
1688 2892 1811 2951 secunda

1050 2972 1176 3032 fortuna.
1192 2976 1336 3034 Credibile
1348 2992 1391 3034 est
1408 2980 1495 3057 igitur
1511 2981 1631 3038 (burum
1651 2983 1733 3039 initio
1748 2984 1810 3059 pie-

1050 3071 1107 3116 tate
1126 3082 1194 3137 erga
1215 3064 1284 3119 deos
1306 3081 1469 3142 permotum
1490 3068 1590 3127 Niobae
1615 3072 1751 3139 suasisse,
1776 3090 1812 3127 uc

1049 3147 1134 3205 uinus
1155 3168 1215 3207 sese
1234 3151 1358 3209 efferret.
1375 3158 1453 3213 luter
1473 3157 1527 3214 alia
1544 3176 1605 3215 eam
1630 3158 1749 3215 sortasse
1767 3158 1811 3214 vi-

1050 3240 1210 3312 tuperavit,
1225 3241 1301 3316 qnod
1318 3243 1471 3302 crediderit

1149 3359 1200 3420 ’elci
1217 3363 1350 3422 θαλέθοντι
1369 3367 1417 3446 βίῳ
1432 3367 1556 3446 βλάσταις
1568 3367 1666 3426 τέκνων

1150 3453 1289 3528 βριθομένα
1303 3455 1426 3536 γλυκερὸν
1441 3457 1504 3538 ράος
1515 3461 1603 3538 δρῶσα

1378 3545 1390 3566 ,
1598 3547 1603 3556 ,

1048 3600 1079 3638 se
1093 3581 1262 3640 morituram
1277 3603 1338 3641 esse
1356 3586 1384 3641 iu
1410 3599 1487 3644 tauta
1503 3586 1654 3658 felicitate,
1668 3589 1690 3644 si
1713 3609 1811 3646 versus

1048 3682 1115 3726 snut
1145 3670 1305 3745 Sophoclis.
1330 3677 1483 3750 Postquam
1518 3673 1616 3732 Nioba
1645 3675 1809 3750 superbiam

1049 3770 1134 3833 paracta
1153 3759 1221 3814 satis
1242 3757 1403 3836 descripsit,
1424 3762 1546 3818 irrrueins
1566 3762 1733 3831 interuenit,
1759 3763 1810 3836 quai

1047 3865 1146 3902 orrrnes
1162 3847 1235 3902 filins
1248 3846 1286 3904 ab
1300 3848 1435 3924 Aprdlinc
1449 3851 1617 3908 interemtos
1640 3871 1701 3906 esse
1724 3855 1809 3905 reli-rt

1046 3933 1304 4003 anduennium,
1322 3947 1354 3992 nt
1372 3949 1414 3992 est
1434 3936 1510 4012 apud
1530 3935 1678 3994 (tridium.
1700 3940 1808 4011 l’ernp-

1047 4037 1173 4098 portnne
1183 4021 1267 4098 liujus
1281 4025 1452 4080 narrationis
1465 4025 1653 4100 lragrneutum
1665 4035 1809 4079 sericatum

1047 4124 1090 4167 est
1110 4111 1295 4168 aPlutarcbo
1308 4115 1379 4168 lllor.
1398 4133 1425 4188 p.
1448 4115 1515 4186 760,
1535 4117 1575 4169 E:
1591 4111 1673 4187 [317]
1688 4111 1750 4168 Τῶν
1763 4117 1809 4168 τοῦ

1047 4199 1212 4278 Σοφοκλέους
1235 4197 1364 4258 bromede
1392 4198 1560 4274 βαλλομένων
1577 4199 1621 4257 καὶ
1644 4199 1808 4268 θνησκόντων

1046 4286 1216 4344 ἀνακαλεῖταί
1233 4310 1273 4354 τις
1286 4285 1378 4346 attis:
1394 4287 1487 4364 βοηθὸν
1500 4287 1578 4344 άλλον
1593 4287 1651 4344 οὐδὲ
1667 4286 1808 4364 σύμμαχον

1045 4371 1063 4443 ἢ
1076 4373 1120 4432 τὸν
1139 4373 1259 4452 ἐραστὴν,

1204 4489 1234 4577 ll
1251 4511 1326 4602 ἀμφ’
1343 4515 1417 4602 ἐμοῦ
1435 4515 1563 4592 στεῖλαι,

1045 4668 1089 4724 Cl.
1103 4666 1210 4725 Atlnm.
1234 4669 1318 4733 xlta,
1334 4683 1362 4740 p.
1384 4666 1452 4728 601.
1467 4670 1512 4720 A:
1529 4661 1657 4739 Αἰσχύλος
1672 4661 1753 4738 μέγας
1771 4655 1808 4716 ὧν

1044 4753 1155 4826 ποιητὴς
1175 4753 1220 4811 καί
1236 4753 1376 4833 Σοφοκλῆς
1390 4742 1454 4828 ἦγον
1468 4752 1504 4817 είς
1519 4749 1553 4807 cla
1576 4747 1671 4826 θέατρα
1691 4747 1733 4804 διδ
1756 4751 1808 4802 τῶν

1043 4843 1197 4922 τραγῳδιῶν
1220 4835 1280 4906 'telae
1304 4843 1356 4898 τῶν
1381 4837 1483 4898 παίδων
1514 4836 1625 4916 ἔρονται,
1652 4841 1666 4894 ὅ
1692 4835 1739 4910 μὲν
1765 4835 1808 4890 τὀν

1045 4925 1183 5008 Ἀχιλλίως
1207 4927 1270 5008 πρὸς
1292 4927 1456 5007 Πάτροκλον,
1470 4929 1484 4984 ὁ
1498 4925 1521 4982 δ’
1542 4925 1570 4982 ln
1585 4923 1668 5000 Nuba,
1690 4923 1734 4980 τδν
1756 4925 1808 4978 τῶν

1044 5016 1143 5086 Νιόδης
1172 5015 1283 5074 παίδων.
1312 5015 1484 5072 Narratione
1508 5013 1585 5069 linita
1614 5032 1737 5090 corpora
1765 5011 1809 5067 in-

1046 5117 1163 5163 teremta
1189 5103 1358 5162 alleruutnr.
1382 5107 1590 5158 Lamentaotur
1614 5101 1661 5177 qni
1689 5100 1807 5168 adsmn,

1044 5193 1178 5252 mulieres
1192 5205 1220 5247 et
1235 5193 1308 5248 inter
1323 5191 1374 5248 ltus
1391 5190 1510 5247 seruisse
1525 5207 1651 5255 sorores,
1667 5199 1698 5243 ut
1713 5186 1807 5243 Welc-

1043 5283 1128 5339 iterus
1144 5279 1299 5339 existimat.
1314 5279 1409 5336 Schol.
1431 5281 1515 5336 llum.
1534 5276 1569 5334 ad
1597 5276 1628 5334 ll.
1650 5275 1758 5346 &0533
1779 5285 1809 5332 et

265 5373 417 5399 κῇ,

577 5471 638 5520 att.

283 5574 349 5627 lt'uba
363 5585 473 5644 titionum,
485 5586 706 5638 anterranum
718 5589 864 5645 moriuntur,
877 5601 938 5636 mins
949 5602 989 5636 es·

1043 5448 1145 5505 elautat,
1164 5447 1281 5494 ranarius-ur
1300 5459 1351 5492 esse
1368 5449 1515 5492 senatun-ro
1534 5444 1607 5492 alitam
1625 5455 1702 5502 ιιινμιι·
1714 5439 1807 5492 νοτίοιο

1043 5521 1115 5579 atque
1128 5522 1260 5566 ornaturum
1272 5531 1278 5560 :
1562 5565 1570 5582 ⁸

1256 5579 1520 5660 'Omfflm
