4567 6425
823 718 1032 784 soenocsts
1052 724 1302 791 FRAGMENTA.

278 854 362 930 [688]
384 878 396 901 a
409 848 551 927 decipulo<
563 849 637 927 (cod.
654 850 785 927 ἀοᾶμιθα)
797 878 820 923 ν,
835 853 860 909 ἰν
876 845 895 930 ᾖ
908 851 956 924 ebs
970 851 1037 925 ἄσην

280 937 430 1013 μινύθοντις
452 940 547 1015 ἱνιοριῑ
567 935 697 1012 (ἕλουοντο
720 938 800 998 Suid.
817 941 845 997 in
865 940 1037 1017 Ἀοάμινιιος).

278 1028 417 1105 Σοφοκλῆς
449 1026 576 1105 Εὐμήλῳ.
606 1026 677 1084 Cod.
712 1026 827 1107 Ἀμήλῳ.
868 1029 1038 1087 Welclrerus

277 1115 460 1174 ntomtietdio
480 1134 613 1172 assensus
634 1128 676 1172 est
693 1113 802 1195 Ἀμύκῳ
824 1116 975 1187 scribenti,
1001 1117 1037 1175 de

276 1223 338 1281 quo
354 1204 384 1261 in
411 1216 561 1278 utramque
583 1215 693 1280 partem
718 1201 858 1281 disputari
878 1216 987 1281 potest;
1007 1217 1037 1261 at

277 1311 337 1347 non
353 1292 423 1349 satis
437 1290 609 1367 explicatum
622 1310 684 1348 esse
699 1290 824 1360 videtur,
837 1293 982 1369 quomodo
998 1293 1037 1350 la·

276 1391 356 1435 ctum
377 1380 414 1437 sit
431 1390 463 1435 ut
483 1397 589 1435 nornen
603 1378 678 1435 inter
695 1379 816 1455 tragicos
832 1381 962 1456 ignotum
983 1400 1036 1457 pro

275 1488 312 1525 eo
332 1468 536 1535 ascisceretur,
557 1484 615 1541 qno
636 1464 732 1523 sabula
753 1469 876 1542 satyrica
897 1470 1036 1547 inscripta

276 1555 373 1613 luent.
388 1563 427 1613 At
443 1552 632 1611 memorabile
645 1566 705 1622 est,
726 1555 805 1630 quod
822 1557 900 1632 apud
920 1561 1035 1636 Harpo-

274 1644 434 1700 crationem
455 1642 559 1700 diserte
579 1643 777 1719 scriptumest
797 1645 823 1701 ἐν
842 1646 970 1723 Εὐμήλῳ,
986 1666 1036 1703 ue-

274 1752 333 1806 que
354 1731 440 1787 ullam
459 1730 610 1806 scriptura·
633 1729 827 1789 diversitatem
848 1752 864 1790 e
888 1733 1035 1791 codicibus

273 1831 420 1876 cantatam
436 1818 560 1875 invenio.
572 1817 666 1876 Verba
678 1832 772 1877 autem
783 1820 841 1877 bac
852 1834 938 1878 sunt:
952 1820 1035 1905 [689]

274 1934 285 1955 ι
300 1905 437 1965 Καθιλών.
452 1931 465 1957 ν
487 1905 657 1982 Δημοσθένης
682 1948 731 1966 ...
754 1907 812 1966 ἀντὶ
835 1913 880 1967 τοῦ
902 1907 1034 1982 ἀνελιλννῆ

273 1994 438 2058 ἀποκτείνας.
446 1994 613 2073 ’Explicuere
621 1993 649 2051 δὲ
656 1993 724 2052 οὕτω
732 1997 771 2075 τῷ
777 1995 885 2074 ὀνόματι
895 1998 939 2055 καὶ
949 1997 1034 2068 ἄλλοι,

271 2092 310 2156 ὥς
324 2088 369 2147 καὶ
385 2088 547 2169 Στησίχορος
562 2091 589 2147 ἐν
614 2088 693 2149 Ἰλίου
709 2086 814 2168 πέρσιδι
832 2092 877 2150 soi
900 2095 1034 2174 Σοφοκλῆς

271 2179 300 2235 ιν
321 2177 445 2256 Εὐμήλῳ.
457 2178 586 2247 Photius,
597 2179 648 2256 qui
663 2178 738 2237 idem
753 2182 870 2259 repetiit
880 2202 908 2259 p.
926 2203 990 2255 raa,
1008 2204 1032 2253 r,

272 2286 379 2323 troarcn
392 2266 496 2324 subulas
509 2267 617 2324 omisit.
633 2274 762 2345 Apparet
778 2270 865 2346 igitur
886 2270 966 2329 valde
985 2273 1030 2330 in·

271 2368 381 2411 certam
396 2375 458 2413 csse
473 2355 642 2413 Blornlieldii
657 2356 860 2432 conjecturam.

312 2447 453 2501 Praeterea
461 2443 532 2501 nihil
546 2456 651 2513 castam
661 2458 691 2501 ot
702 2446 725 2502 si
743 2461 895 2525 utramque
910 2449 1031 2524 glossam

269 2533 431 2589 accuratius
444 2532 679 2604 consideraveris,
690 2535 773 2601 facile
790 2536 929 2611 intelliges
945 2536 1032 2595 verba

269 2638 335 2677 esse
346 2618 499 2695 ejusmodi,
517 2633 549 2678 ut
562 2620 598 2677 ad
618 2623 752 2699 tragicam
767 2623 932 2701 dignitatem
949 2646 1031 2683 accc-

270 2707 343 2764 dant
366 2706 599 2786 abhorreantque
619 2731 635 2767 a
655 2709 815 2770 fabularum
844 2707 1030 2789 satyricarum

270 2794 390 2851 levitate
401 2808 430 2851 et
450 2796 572 2854 iascivia.
590 2802 622 2855 lu
640 2799 756 2855 nomine
769 2812 864 2857 autem
878 2802 1031 2861 dillicultas

268 2894 324 2947 est,
341 2882 477 2957 quoniam
494 2885 589 2942 nullus
605 2897 646 2941 est
661 2888 812 2961 Eumelus,
829 2908 916 2965 quem
939 2891 1029 2968 tragi-

268 2990 337 3027 cum
347 2970 414 3047 jure
429 2970 546 3031 dixeris.

310 3060 412 3116 Plures
431 3062 542 3118 Eumeli
557 3082 573 3119 a
588 3062 734 3121 veteribus
752 3068 940 3141 scriptoribus
952 3089 1030 3127 com-

269 3150 1029 3218 memoramur.UmtsluitddmetietAlcestidislilius

267 3236 343 3292 inter
359 3255 462 3311 procos
478 3236 604 3298 Helenae.
620 3245 694 3298 Octo
706 3261 793 3300 nares
807 3245 924 3321 Trojam
946 3247 1029 3307 duxit

266 3322 504 3400 lplrtbimamquc
522 3325 551 3381 in
575 3328 761 3388 matrimonio
777 3329 888 3390 babuit.
909 3339 953 3392 De
973 3336 1028 3394 hoc

266 3410 341 3468 nibil
365 3425 502 3487 praterea
530 3426 630 3472 notum
651 3429 709 3488 est,
734 3438 828 3495 neque
850 3423 919 3479 satis
941 3423 1026 3502 digua

266 3517 393 3575 persona
402 3498 489 3557 luisse
504 3500 698 3581 ridetur,quae
708 3506 823 3582 tragicis
836 3508 1026 3569 adscribatur.

266 3587 377 3664 Hygia.
391 3585 460 3648 Fab.
482 3593 602 3648 LXXXI
620 3605 648 3648 et
667 3596 789 3664 XCVII,
810 3597 982 3674 Apollodor.
1002 3604 1026 3668 1,

264 3695 293 3748 9,
316 3674 472 3747 15,etlll,
491 3698 536 3749 ιι,
558 3678 584 3749 8,
608 3682 693 3737 llum.
709 3681 789 3739 lliad.
806 3687 838 3754 B,
859 3688 925 3755 713·
945 3690 1026 3746 Alius

264 3761 320 3817 luit
335 3761 412 3819 filius
424 3765 561 3840 lleropis,
575 3767 625 3844 qui
640 3767 716 3824 diras
730 3773 938 3832 exsecrationes
952 3781 1027 3834 Mer·

262 3849 347 3906 curio
359 3850 535 3926 imprecatus
547 3865 600 3913 est.
616 3861 656 3912 at
669 3874 705 3914 uc
717 3856 763 3914 bic
772 3858 888 3935 quidem
902 3865 1026 3941 tragicus

263 3937 330 3993 ltrit.
347 3940 449 4013 ltaque
466 3940 577 3998 lucilius
595 3943 710 4000 tertium
722 3945 862 4022 intelligas
874 3951 1023 4028 tragicum,

261 4025 312 4101 qui
329 4024 540 4101 Triptolemum
556 4041 695 4086 terrarum
710 4031 809 4091 urbem
826 4052 1023 4112 peragrantem

261 4115 383 4190 recepit,
394 4115 481 4173 Orid.
495 4121 686 4196 bletamorpli.
696 4126 761 4192 t'tl,
776 4125 833 4198 390
848 4126 967 4206 interpr.
980 4135 1023 4189 De

260 4220 323 4276 qno
333 4221 508 4279 quamquam
520 4205 590 4263 nilril
603 4222 740 4283 praeterea
754 4224 853 4270 uotum
865 4227 918 4284 cst,
928 4229 1022 4275 tamen

259 4301 387 4367 apparet
403 4311 457 4368 per
468 4293 678 4371 Triptolemum
696 4300 839 4375 quandam
855 4303 1022 4362 affinitatem

259 4397 326 4433 cum
359 4379 496 4456 tragoedia
521 4403 583 4439 esse
609 4384 757 4459 effecturus,
790 4400 822 4444 ut
845 4410 902 4446 uon
929 4393 1022 4451 minus

259 4478 329 4542 apta
350 4465 387 4523 sit
411 4486 533 4544 persona
550 4489 637 4546 quam
660 4473 757 4531 Oicles
779 4476 893 4554 aliique.
912 4485 949 4537 Ar
967 4480 1022 4538 lra-

258 4565 375 4627 grnenta
398 4575 462 4632 quac
475 4571 632 4633 supersunt
645 4575 712 4618 sunt
724 4561 882 4638 ejusmodi,
896 4581 928 4624 ut
944 4570 1020 4627 nulla
1036 4553 1041 4562 ’

258 4639 425 4717 conjectura
441 4643 562 4703 stabiliri
580 4649 682 4724 possit.

586 4806 695 4822 ..-

492 4917 782 4984 XOANEPHOROE.

296 5061 418 5117 Etunclo
440 5063 576 5122 incertior
598 5079 641 5122 cst
659 5071 796 5146 tragoedia
817 5073 892 5133 dicta
911 5081 1019 5149 Ξοινη-

255 5145 346 5224 φόροι,
363 5168 428 5224 quae
448 5154 535 5209 semel
555 5154 662 5212 citatur·
679 5177 696 5214 a
718 5160 871 5220 scholiasta
891 5170 1017 5245 AEsrlryli

253 5238 334 5310 Sept.
348 5235 412 5298 adr.
427 5237 518 5295 Tlrcb.
533 5241 599 5299 310.
612 5244 778 5304 Wclclcrus
790 5267 889 5308 errore
904 5255 1018 5316 titulum

254 5336 353 5379 ortum
367 5345 427 5382 esse
442 5341 552 5401 censet,
572 5350 664 5407 nerprc
679 5334 829 5410 prubabilc
843 5361 904 5397 csse
922 5356 1014 5419 putat,

1792 752 1847 806 ast

1091 856 1169 931 quod
1184 858 1334 934 AEscbylus
1347 862 1375 918 in
1391 864 1489 923 eadem
1506 868 1636 945 lragoetlia
1651 892 1677 927 v.
1691 875 1851 945 217incer-

1093 956 1151 1001 tum
1170 946 1254 1017 dicat,
1269 948 1297 1005 id
1312 950 1449 1027 Sopbocli
1469 968 1524 1013 tam
1541 971 1649 1016 certum
1670 961 1763 1019 visum
1776 986 1849 1036 esse,

1091 1045 1122 1088 ut
1135 1034 1255 1093 chorum
1276 1039 1464 1099 constitueret
1481 1045 1632 1112 simulacra
1648 1048 1849 1109 aulererrtium.

1091 1124 1193 1197 ltaque
1215 1142 1231 1179 a
1253 1138 1338 1200 poeta
1354 1127 1382 1183 in
1405 1128 1508 1189 fabulae
1522 1134 1669 1210 cujusdam
1686 1136 1765 1195 exitu
1780 1140 1851 1199 dens

1090 1209 1167 1266 visos
1179 1230 1240 1269 esse
1250 1215 1471 1294 suspicatur-qui
1485 1220 1632 1279 simulacra
1642 1242 1693 1281 sua
1708 1224 1849 1297 tollerent,

1090 1297 1300 1377 adscripsitque
1324 1303 1530 1385 fragmentum,
1545 1310 1622 1386 quod
1636 1326 1779 1371 servatum
1797 1333 1849 1390 est,

1090 1390 1258 1445 Laocouuti.
1274 1394 1375 1467 Neque
1394 1412 1463 1452 vero
1480 1415 1596 1474 prorsus
1618 1400 1653 1457 de
1674 1402 1768 1460 medio
1789 1406 1852 1463 vult

1090 1475 1205 1532 titulum
1223 1478 1323 1537 tollere
1389 1496 1393 1503 '

1128 1568 1193 1621 Nou
1211 1578 1308 1642 potest
1326 1566 1452 1629 dubitari
1472 1574 1541 1648 quin
1559 1593 1594 1631 ex
1622 1576 1773 1636 scholiasta
1789 1581 1852 1637 cul-

1089 1650 1234 1725 ligemlum
1248 1654 1284 1711 sit
1297 1654 1366 1713 deos
1379 1657 1456 1733 ipsos
1470 1678 1519 1716 sua
1531 1660 1680 1721 abstulisse
1690 1666 1850 1727 simulacra.

1088 1745 1126 1797 Δι
1140 1738 1222 1797 lucile
1234 1757 1354 1819 apparet
1367 1744 1508 1821 ejusmodi
1524 1740 1645 1809 eborum
1656 1753 1684 1809 in
1703 1756 1781 1813 nulla
1796 1768 1852 1813 tra·

1087 1825 1177 1902 goedia
1191 1832 1327 1888 constitui
1347 1835 1486 1908 potuisse.
1499 1838 1565 1913 quia
1584 1842 1780 1900 tautummodo
1799 1864 1849 1903 so·
1878 1838 1881 1849 ’

1089 1914 1190 1973 lemnis
1205 1936 1313 1997 pompa
1327 1918 1447 1979 deorum
1464 1925 1577 1983 ostendi
1592 1928 1698 2003 potnit,
1708 1950 1764 1987 non
1775 1931 1849 1989 cho·

1088 2021 1153 2072 rus,
1170 2005 1220 2079 qui
1239 2005 1267 2060 in
1286 2006 1434 2067 orchestra
1456 2026 1623 2071 reumaeret.
1645 2019 1787 2087 Quocirca
1807 2020 1850 2079 dii

1087 2090 1236 2148 nonaliter
1246 2093 1387 2152 intmduci
1397 2098 1524 2173 posuisse
1535 2102 1772 2183 ridentur‚quam
1782 2108 1849 2186 ΙΙρο

1086 2177 1188 2253 πομποί
1203 2179 1230 2235 in
1246 2182 1325 2237 exitu
1345 2185 1535 2245 Emueuidnm
1555 2191 1694 2266 AEsclryli.
1713 2200 1785 2251 Sunt
1803 2208 1847 2253 ta-

1086 2282 1151 2321 men
1172 2266 1199 2323 in
1223 2266 1267 2323 bis
1285 2288 1350 2344 quac
1371 2269 1497 2332 dubitari
1522 2278 1631 2351 possim
1649 2280 1851 2360 Welrkerique

1086 2354 1256 2411 sententiam
1280 2356 1432 2415 iulirmeat.
1456 2362 1486 2417 Si
1514 2376 1619 2439 prater
1641 2385 1745 2424 nomen
1775 2370 1849 2427 nihil

1085 2438 1173 2499 hodic
1193 2457 1355 2519 superesset
1374 2468 1408 2501 er
1424 2447 1606 2525 Clmcpltoris
1627 2456 1751 2531 AEscbyli
1762 2500 1770 2527 ,
1783 2458 1847 2535 quis

1084 2528 1230 2588 dubitaret
1250 2534 1319 2608 quin
1340 2532 1376 2591 cle
1393 2534 1439 2592 illa
1462 2536 1557 2596 lulmla
1583 2541 1682 2599 eadem
1706 2544 1762 2601 dici
1781 2566 1848 2623 pos-

1084 2630 1161 2683 sent,
1175 2638 1239 2695 quae
1252 2621 1421 2679 Welclrerus
1433 2622 1468 2681 dc
1484 2628 1686 2703 erncplmris
1695 2634 1849 2709 Sophoclis

1084 2704 1112 2760 in
1125 2706 1248 2763 medium
1263 2710 1398 2783 protulit?
1407 2711 1519 2769 Deinde
1532 2734 1589 2771 nou
1600 2730 1642 2773 est
1654 2722 1844 2779 necessarium

1083 2791 1294 2869 Xoanepburus
1315 2795 1434 2873 intelligi
1455 2798 1574 2857 chorum
1600 2802 1729 2863 deorum.
1755 2810 1847 2867 Selm-

1084 2877 1165 2937 liastu
1182 2881 1222 2937 ait
1238 2880 1339 2959 εἴρηται
1359 2880 1399 2941 ὅτι
1418 2886 1471 2943 θεοὶ
1483 2886 1605 2967 φέρουσι,
1621 2913 1678 2949 nuu
1700 2894 1845 2956 δείκνυνται

1082 2965 1134 3022 θοοὶ
1150 2966 1275 3047 φέροντες.
1288 2978 1413 3047 Apparet
1428 2974 1517 3049 igitur
1532 2980 1743 3058 Xuaueplmros
1758 2985 1846 3043 alliis

1082 3054 1214 3114 diversos
1247 3078 1317 3117 esse.
1345 3066 1409 3134 Qua
1442 3083 1474 3121 re
1505 3083 1706 3143 argumentum
1741 3073 1847 3133 lubulre

1084 3146 1173 3203 multu
1195 3148 1225 3203 fit
1251 3147 1403 3220 incertms;
1428 3165 1458 3209 at
1479 3173 1569 3230 quum
1594 3158 1680 3235 Truja
1705 3160 1775 3222 urbs
1796 3165 1843 3240 sit,

1082 3233 1158 3290 uncle
1178 3233 1218 3292 dii
1240 3255 1290 3294 sua
1307 3239 1438 3298 uulerant
1451 3243 1617 3318 simulacra,
1632 3251 1755 3308 maxime
1770 3273 1841 3330 pru-

1081 3319 1177 3381 babile
1199 3337 1241 3380 est
1263 3325 1300 3382 ab
1320 3327 1367 3384 illa
1389 3327 1459 3386 urbc
1478 3351 1678 3408 argumentum
1698 3341 1843 3417 tragoediae

1080 3409 1203 3468 alienum
1219 3432 1276 3470 non
1294 3415 1390 3475 luisse.

1121 3498 1293 3576 Coniectura
1313 3503 1336 3560 si
1359 3525 1375 3560 a
1395 3524 1465 3563 vero
1478 3527 1534 3564 non
1555 3530 1673 3585 luemus
1694 3514 1842 3592 abhorret,

1080 3601 1279 3662 argumentum
1298 3592 1405 3669 tragica
1420 3597 1562 3670 gravitate
1574 3599 1768 3676 dignissimum
1782 3627 1841 3664 non

1079 3675 1151 3731 adeo
1169 3675 1286 3736 ditlicile
1302 3693 1344 3737 est
1360 3681 1488 3740 inventu.
1503 3691 1574 3742 sunt
1589 3690 1664 3745 enim
1685 3692 1739 3747 sub
1758 3713 1840 3750 ever-

1078 3760 1188 3821 sionem
1204 3764 1282 3822 urbis
1296 3765 1362 3824 dure
1375 3782 1483 3845 partes,
1497 3793 1619 3849 quarum
1635 3775 1723 3835 altera
1738 3779 1836 3838 urbem

1079 3851 1256 3927 relinquere,
1278 3855 1369 3912 altero
1388 3855 1530 3917 bonorum
1555 3881 1672 3919 siturum
1696 3865 1839 3925 desiderio

1079 3953 1189 3996 retentu
1215 3961 1363 4001 remanere
1391 3946 1479 4022 cupit.
1504 3951 1614 4006 Horum
1641 3953 1720 4010 litem
1750 3975 1838 4030 iprum

1077 4027 1154 4084 nulla
1172 4029 1324 4103 prudentia
1340 4031 1489 4090 bominum
1507 4039 1618 4094 attierre
1637 4043 1734 4116 possit,
1753 4044 1839 4102 adiis

1077 4115 1146 4190 ipsis
1174 4117 1378 4188 admonentur,
1402 4121 1472 4198 quid
1492 4123 1653 4183 laciendum
1678 4131 1722 4186 sit.
1747 4131 1839 4192 Alteri

1076 4200 1227 4273 obediunt,
1244 4205 1326 4262 alteri
1346 4207 1374 4262 in
1389 4227 1439 4264 sua
1457 4224 1584 4286 perstant
1605 4217 1755 4275 sententio.
1774 4223 1836 4278 Jom

1075 4301 1169 4346 autem
1198 4303 1240 4348 est
1268 4293 1441 4352 inevitabilis
1472 4299 1619 4369 interitus;
1645 4304 1742 4381 itaque
1767 4308 1837 4366 cbe-

1076 4397 1124 4435 rus
1146 4379 1355 4454 introducitur,
1375 4385 1425 4461 qui
1447 4387 1598 4448 simulacra
1618 4394 1712 4452 aulert
1734 4396 1836 4454 admo-

1075 4467 1153 4523 niuts
1173 4467 1292 4526 deorum
1307 4471 1403 4542 abitu,
1414 4476 1464 4550 qui
1481 4497 1532 4534 suo
1547 4481 1600 4556 ipsi
1616 4481 1729 4540 artfene
1750 4485 1837 4543 simu-

1074 4559 1149 4617 lacm
1171 4557 1331 4620 rideantur.
1343 4567 1384 4620 lta
1396 4567 1530 4642 Virgilius
1542 4570 1591 4628 lib.
1611 4575 1662 4644 lll,
1681 4595 1732 4633 ta:
1748 4581 1836 4634 Feror

1073 4648 1153 4704 exsul
1175 4647 1203 4706 iu
1220 4651 1427 4709 altum-cum
1440 4665 1547 4732 magm's
1562 4663 1613 4716 dtr.
1633 4669 1669 4718 Λι
1691 4661 1767 4722 dicat
1783 4666 1835 4722 ali·

1053 4772 1057 4779 ·
1073 4735 1152 4810 quis,
1166 4737 1235 4813 quid
1249 4759 1323 4816 opus
1341 4752 1383 4796 est
1399 4740 1564 4804 bominibus
1583 4750 1632 4825 qui
1646 4751 1776 4808 auferant
1794 4753 1835 4809 si-

1074 4824 1209 4890 mulacra,
1220 4845 1283 4901 quae
1295 4825 1333 4883 dii
1345 4825 1399 4904 ipsi
1412 4830 1530 4889 tollaut²
1539 4842 1576 4893 λι
1585 4849 1628 4892 est
1639 4838 1728 4914 pietas
1742 4839 1835 4898 lacere

1072 4931 1122 4982 ea,
1136 4931 1201 4988 quae
1219 4912 1274 4971 diis
1287 4928 1366 4990 gratu
1382 4931 1448 4974 sunt
1470 4940 1580 4998 eosque
1594 4923 1729 4999 adjuvare
1751 4928 1833 4986 selle.

1113 5003 1315 5076 Fragmentum
1331 5023 1435 5071 unttm,
1450 5007 1529 5082 quod
1542 5023 1632 5068 exstat
1646 5013 1724 5089 apud
1742 5014 1832 5074 schol.

1071 5087 1200 5164 AEsclrsli
1223 5089 1305 5166 Sept.
1330 5091 1399 5150 adr.
1422 5095 1536 5155 Tbebas
1559 5119 1585 5154 ν.
1608 5100 1678 5172 310,
1700 5100 1756 5160 boc
1773 5116 1831 5165 est:

1071 5174 1154 5252 [sto]
1167 5175 1277 5255 Εἴρηται
1290 5176 1317 5236 dl
1333 5179 1377 5235 καὶ
1391 5181 1417 5236 ἐν
1430 5185 1607 5264 Ξοιινηφόροις
1621 5188 1783 5268 Σοφοκλέους
1797 5193 1832 5256 ὡς

1070 5265 1094 5319 οἱ
1106 5265 1158 5322 bsai
1170 5265 1224 5324 ἀπὸ
1238 5270 1284 5339 τῆς
1297 5265 1375 5325 Ἰλίου
1387 5265 1508 5348 φέρουσιν
1518 5273 1561 5332 ἐπὶ
1571 5277 1623 5331 τῶν
1635 5275 1715 5353 epm
1728 5275 1761 5336 τὰ
1775 5281 1830 5338 ἐου-

1070 5354 1121 5407 τιῖνν
1137 5352 1225 5428 ξόανα,
1241 5354 1334 5420 εἰδότος
1351 5353 1390 5412 ὅτι
1407 5357 1552 5420 ἁλίσκεται.

807 5522 821 5531 .
845 5519 1267 5553 „ww-..-U
