4567 6425
487 668 543 733 ιιι
1031 654 1239 719 sornocus
1259 655 1511 717 rotantium.

486 809 545 857 rus,
555 803 585 846 ut
594 789 714 860 videtur,
728 790 904 867 compositus
915 808 950 848 ex
964 785 1112 859 militibus,
1124 785 1153 842 id
1165 784 1242 861 quod

486 878 615 934 iudicare
644 880 833 954 fragmentum
868 876 945 953 apud
974 875 1098 931 Gellium
1130 872 1243 929 videtur

485 968 567 1036 xlx,
585 986 629 1037 10,
643 966 721 1041 quorl
738 965 773 1022 ah
787 964 926 1041 Euripide
939 982 996 1021 oon
1015 976 1059 1019 est
1081 964 1242 1037 repetitum.

485 1055 655 1127 Fragmenta
678 1071 823 1129 perpauca
842 1065 910 1109 suut
930 1050 1072 1125 nimisque
1093 1049 1196 1122 exigna
1215 1058 1243 1102 et

486 1138 597 1207 tenuia,
612 1159 698 1215 quam
714 1152 744 1194 ιιι
758 1160 793 1195 ex
806 1139 860 1195 illis
875 1138 1033 1215 quidquam
1049 1136 1085 1191 de
1101 1135 1242 1211 composi—

485 1225 564 1282 tione
587 1240 635 1283 aut
655 1227 882 1288 conformatione
904 1224 1048 1300 tragoedia
1068 1223 1171 1279 elicias.
1189 1220 1242 1295 agi

485 1311 561 1367 illum
575 1312 678 1369 Aulide
689 1327 774 1390 poeta
789 1314 866 1370 lecit.

525 1404 604 1456 Inter
612 1400 768 1476 fragmenta
776 1420 863 1457 unum
874 1412 967 1456 tamea
978 1411 1095 1473 est,quo
1106 1395 1243 1452 docemur

485 1485 559 1541 iuter
570 1506 635 1560 eos,
653 1488 704 1565 qui
719 1488 802 1544 initio
823 1486 968 1562 tragoediae
983 1482 1141 1542 introducti
1164 1483 1241 1555 sint,

486 1572 571 1628 fuisse
595 1574 717 1631 Ulixem.
740 1579 839 1631 Exstat
862 1573 933 1629 illud
954 1571 1033 1649 apud
1053 1570 1188 1628 Photium
1215 1580 1243 1625 et

487 1659 603 1715 Suidam
619 1680 646 1719 v,
661 1659 780 1738 Πενθεριί
791 1705 798 1730 ,
811 1658 938 1737 πενθερός.
955 1657 1090 1736 Σοφοκλῆς
1104 1654 1131 1714 δὲ
1147 1654 1177 1713 τὸ
1193 1654 1242 1730 ἔμ-

485 1747 566 1802 παλιν
578 1770 586 1781 ·
601 1738 659 1803 εἶπε
670 1747 721 1825 γδρ
729 1747 851 1825 πενθερὸν
861 1746 905 1804 τὸν
915 1744 1034 1825 γαμύρδν
1046 1746 1073 1801 ἐν
1087 1743 1241 1825 Ἰφιγενείᾳ·

485 1834 627 1900 Ὀδυσσεύς
644 1860 709 1917 φησι
725 1836 790 1917 πρὸς
810 1836 1048 1915 Κλυταιμνήστραν
1067 1833 1129 1912 περὶ
1153 1834 1244 1912 Ἀχιλ-

484 1922 565 1987 λείος·

481 2061 545 2139 [19]
561 2062 601 2125 Σὺ
619 2050 649 2123 δ’
668 2036 692 2123 ὦ
708 2058 855 2151 μεγίστων
874 2059 1067 2151 τυγχάνουσα
1081 2057 1241 2147 πενθερῶν,

484 2202 541 2260 ἀντὶ
555 2204 689 2284 γαμύρῶν.
704 2210 769 2263 Haec
784 2205 842 2261 dici
856 2224 913 2261 non
929 2215 1084 2279 potueruut
1095 2200 1149 2259 nisi
1161 2201 1243 2277 igno-

482 2303 564 2347 rante
576 2291 668 2346 adhue
683 2291 912 2365 Clytaemnestra,
930 2291 1012 2367 cujus
1024 2309 1108 2347 causa
1124 2288 1181 2345 filia
1196 2308 1242 2345 es-

482 2389 525 2431 set
537 2378 680 2434 arcessita.
693 2383 733 2436 Ut
744 2379 819 2435 enirn
833 2379 882 2435 ille
901 2380 1143 2452 Clytaemnestram
1159 2378 1242 2452 Argis·

483 2463 646 2541 deceperat,
659 2466 700 2522 ita
711 2467 806 2543 pergit
816 2486 878 2524 eam
890 2467 990 2523 eodem
1004 2466 1090 2521 morlo
1099 2464 1242 2540 decipere,

482 2563 634 2626 postquam
653 2553 681 2609 in
696 2566 790 2611 castra
804 2554 905 2628 venit,
930 2568 961 2610 ut
981 2554 1074 2610 solent
1088 2552 1239 2622 homiues,

468 2640 532 2713 ‚qni
552 2639 662 2697 lucrum
684 2634 825 2700 honestati
847 2643 1012 2719 praeferunt.
1034 2641 1121 2698 Vafre
1143 2653 1237 2697 autem

484 2739 629 2784 veterator
640 2728 744 2805 plurali
760 2731 838 2787 vocis
851 2750 919 2786 usus
938 2742 1002 2797 est,
1025 2741 1056 2784 ut
1066 2729 1168 2784 incerti
1191 2729 1241 2785 ali-

482 2813 553 2889 quid
579 2818 702 2873 orationi
728 2818 936 2895 interponeret.
971 2823 1072 2890 ltaque
1103 2814 1243 2873 Achillem

483 2923 596 2978 unaque
608 2924 672 2961 cum
686 2905 736 2961 illo
747 2907 831 2963 etiam
846 2906 996 2963 Plutonem
1008 2903 1221 2980 spectatoribus
1233 2946 1241 2975 ,

480 2992 532 3066 qui
549 2990 705 3067 Iphigeniae
719 3008 824 3049 sortem
846 2993 959 3049 fatalem
974 3012 1031 3048 non
1052 2990 1242 3066 ignorabant,

482 3080 619 3154 rogitasse
629 3079 722 3138 videri
737 3081 841 3156 potuit.
859 3079 959 3138 Eidem
980 3078 1046 3135 loco
1061 3074 1137 3136 aliud
1157 3079 1240 3135 attri-

481 3164 592 3221 buerim
607 3165 797 3244 fragmentum
809 3166 889 3243 apud
902 3167 1085 3240 Hesychium,
1097 3164 1159 3243 [30]
1173 3193 1183 3214 ν
1197 3168 1242 3242 βα-

481 3252 550 3321 σίλη,
563 3279 574 3302 ν
587 3254 716 3330 βασίλεια.
734 3251 765 3314 Σ.
781 3254 933 3335 Ἰφιγενείᾳ,
950 3273 1008 3329 quo
1026 3255 1241 3329 Clytaeumestta

480 3359 497 3396 a
518 3339 608 3396 choro
631 3353 664 3397 ut
689 3342 803 3400 videtur
825 3343 921 3418 prium
942 3342 1070 3398 carmine
1093 3341 1241 3399 salutatur.

481 3427 666 3485 Dilliciliores
681 3441 748 3485 suut
766 3449 863 3488 versus
877 3428 955 3505 apud
979 3429 1148 3486 Athenaeum
1163 3433 1242 3506 1111,

481 3533 511 3590 p.
530 3515 661 3587 513,n:

478 3652 541 3736 [tt]
558 3656 632 3722 Νύει
645 3659 719 3747 πρὸς
733 3649 820 3745 ἀνδρὶ
833 3667 921 3748 σῶμα
937 3660 1108 3735 πουλύπους
1121 3661 1202 3735 ὅπως

558 3773 656 3862 πέτρᾳ
673 3771 839 3862 τραπέσθαι
854 3773 976 3865 γνησίου
990 3777 1191 3862 φρονήματος.

479 3999 575 4064 λύπους
597 4002 669 4067 ὅπως
692 4026 718 4063 κ.
735 4027 759 4061 τ.
773 4004 797 4060 λ.
813 4010 945 4062 Fortasse
965 4024 1024 4060 uon
1048 4004 1142 4060 minus
1162 4015 1238 4060 recte

478 4086 519 4145 ἀεὶ
533 4087 597 4167 πρὸς
612 4089 684 4170 ἀνδρὶ
694 4115 719 4149 ιι.
729 4113 753 4148 τ.
768 4094 793 4149 λ.
807 4095 878 4162 Quae
887 4093 911 4149 si
921 4105 1000 4149 recte
1010 4091 1151 4166 explicata
1162 4103 1237 4162 sunt,

479 4178 653 4234 conveniant
667 4169 890 4254 Clytaemnestra}
905 4181 991 4237 liliam
1007 4179 1141 4248 docenti,
1162 4197 1235 4254 quo-

480 4263 567 4320 modo
591 4266 726 4324 maritum
749 4265 856 4324 habere
876 4267 989 4325 debeat.
1001 4271 1107 4324 Verum
1132 4265 1236 4341 Clytae-

480 4366 632 4410 muestram
640 4373 757 4430 prorsus
762 4355 846 4413 celari
852 4376 911 4412 non
917 4356 1022 4433 potuit,
1030 4373 1116 4431 qnam
1127 4352 1165 4409 oh
1176 4373 1234 4409 rem

479 4440 629 4517 Iphigenia
660 4443 796 4499 arcessitu
829 4443 874 4500 sit.
909 4447 953 4500 lta
979 4454 1119 4519 apparet,
1155 4441 1235 4516 quod

478 4525 538 4608 [32]
561 4528 715 4609 «ύποφρον,
730 4555 742 4580 ν
758 4531 776 4586 i.
792 4551 817 4585 e.
836 4530 931 4586 animo
953 4530 1127 4587 occtrltatum
1150 4529 1235 4585 suerit

478 4616 556 4690 apud
574 4618 743 4674 Erotiauum
766 4636 794 4692 p.
811 4620 865 4687 371
885 4615 1059 4696 εὝποφφον,
1078 4623 1233 4695 κρυφαῖον...

479 4701 611 4776 μέμνηται
623 4707 637 4761 ὁ
652 4701 728 4768 αὐτὸς
743 4700 900 4783 [Σοφοκλῆς]
913 4704 957 4761 καὶ
969 4707 995 4760 ἐν
1010 4702 1155 4783 Ἰφιγενείᾳ.
1169 4706 1234 4776 Quo

477 4790 594 4865 cognitu
612 4793 825 4863 Clytaemnestra
842 4792 1008 4868 gravissima
1026 4792 1070 4848 ira
1091 4790 1235 4848 stimulata

477 4877 583 4933 Graeeis
611 4878 769 4945 miserrima
792 4897 912 4954 quaeque
931 4923 939 4946 ,
961 4879 1011 4954 qui
1038 4897 1096 4934 non
1119 4875 1236 4936 videant

477 4960 561 5019 deum
579 4964 929 5042 vindicem,iruprecatur.
946 4969 1045 5022 Exstat
1064 4964 1135 5022 illud
1157 4965 1234 5042 apud

1296 787 1462 843 Erotiauum
1484 806 1512 864 p.
1526 789 1582 863 67:
1599 788 1713 848 Ἀνταῖον
1725 791 1800 851 hadr·
1815 791 1858 851 τδν
1870 796 1961 876 βλύύςς
1970 800 2019 851 ter

1295 873 1429 951 νοούμενον
1442 873 1524 933 αίτιον
1535 874 1639 935 ἔσεσθαι
1651 878 1797 957 ἀνθρώποις
1808 882 1883 955 (cod.
1895 882 2021 961 ἅνθρωποι)

1296 960 1410 1020 ’Ἀνταῖον
1446 962 1470 1021 δ’
1495 962 1605 1022 ἐκάλουν
1637 968 1661 1022 οἱ
1695 967 1807 1025 παλαιοὶ
1834 968 1877 1025 rin
1914 970 2020 1049 σύρροια.

1295 1050 1331 1115 ὡς
1358 1048 1403 1106 καί
1434 1052 1569 1132 Σοφοκλῆς
1594 1054 1620 1113 ἓν
1649 1054 1874 1137 Κλυταιμνήοτρφ
1895 1056 1966 1135 λίγοιι
1979 1058 2021 1139 pt]

1296 1161 1307 1184 ιι
1320 1135 1363 1194 τὸν
1389 1136 1416 1194 δ’
1444 1140 1549 1197 ἀνταῖον
1586 1140 1762 1221 περιδινίοιιτα
1801 1145 1850 1221 adq
1886 1148 1968 1223 δρᾶτε,
1990 1146 2021 1201 rui

1294 1223 1372 1300 δεῖμα
1394 1216 1573 1304 προσπνίοντα
1602 1227 1677 1305 (cod.
1706 1228 1842 1289 Cautahr.
1866 1230 2021 1309 προαστείοισι]

1294 1310 1400 1375 ἀνταίας
1413 1315 1477 1369 θεοῦ.
1493 1318 1580 1371 »Haec
1595 1315 1710 1390 quidem
1725 1317 1764 1373 ita
1775 1318 1933 1375 Erotianns.
1944 1326 1973 1377 11
1983 1332 2022 1375 tn·

1295 1397 1388 1475 goedia
1398 1418 1462 1475 quae
1478 1401 1940 1482 Clytaemnestrainscriptasuerit,
1950 1406 2021 1481 ignota

1296 1499 1347 1542 est.
1365 1491 1465 1564 ltaque
1480 1488 1637 1567 verhaflista
1652 1490 1725 1547 nihil
1742 1492 1821 1549 aliud
1841 1492 1959 1551 indicare
1970 1512 2022 1568 pue

1295 1586 1362 1630 sunt
1379 1576 1434 1632 nisi
1457 1596 1521 1652 quae
1545 1578 1760 1652 Clytaemnestra
1782 1582 1846 1657 ipsa
1866 1581 1894 1637 in
1915 1580 2021 1657 tragedia

1295 1659 1409 1719 dixerit.
1430 1663 1521 1721 Valde
1546 1678 1683 1741 corrupta
1703 1678 1797 1725 tamen
1820 1680 1895 1723 suut.
1908 1668 1969 1724 lllud
1984 1664 2021 1721 ru

1295 1768 1376 1825 φρονα
1384 1760 1461 1805 certe
1472 1748 1574 1807 falsum
1585 1763 1636 1809 est.
1647 1752 2021 1833 111ο1σ1ιοιιισδλούφρονιιιιοιι

1295 1834 1330 1891 ad
1342 1838 1511 1893 sententiam
1525 1840 1655 1914 conjecit.
1670 1840 1809 1916 Bergkius
1821 1838 1867 1897 καὶ
1879 1842 1948 1917 δεῖμα
1959 1861 2021 1915 τροι-

1294 1923 1405 1983 πνίοντα
1421 1926 1542 1992 τάνταίας
1554 1931 1621 1985 θεοῦ.
1635 1932 1698 1985 Ηιιο
1711 1928 1855 2005 quadrare
1869 1930 1969 1985 videtur
1979 1931 2021 1985 lra-

1295 2028 1441 2090 gmentnm
1463 2014 1541 2092 apud
1567 2016 1740 2090 Hesychium
1758 2040 1764 2073 ι
1781 2018 1844 2094 [31]
1869 2020 2020 2095 «ἀκραχιῖμ

1295 2099 1373 2181 ἄκρον
1389 2098 1452 2179 ἔχει.
1466 2100 1559 2183 Ἄκρον
1573 2100 1601 2159 δὲ
1613 2102 1671 2181 ύρος
1683 2108 1729 2171 τῆς
1745 2103 1879 2183 Ἀργείας,
1891 2104 1928 2183 ἐφ’
1940 2096 1964 2161 ού
1978 2104 2018 2181 Ἀρ-

1293 2188 1398 2266 τέμιδος
1407 2190 1474 2269 ἱερὸν
1486 2188 1609 2270 ἱδρύσατο
1620 2190 1780 2267 Μελάμπους
1792 2191 1904 2271 καθάρας
1915 2190 1953 2255 :te
1962 2190 2020 2247 ttae

1294 2276 1383 2349 σίδας,
1396 2275 1476 2355 ἤγουν
1494 2284 1551 2343 ταῖς
1568 2276 1676 2358 Χάρισι.
1692 2280 1725 2336 Σ.
1741 2276 1885 2358 Ἰφιγενιίφ.
1902 2282 1942 2335 Ita
1958 2278 2019 2331 etim

1295 2362 1362 2421 alibi
1384 2364 1505 2423 Dientta
1526 2366 1737 2441 Clytaemnestra
1755 2366 1905 2422 invocatur
1919 2380 1945 2421 ut
1959 2366 2018 2419 utun

1294 2451 1469 2509 immolatam
1485 2452 1516 2509 in
1533 2466 1622 2529 patre,
1637 2453 1684 2509 eui
1698 2454 1752 2510 ‹lea
1766 2472 1882 2529 quoque
1896 2453 1960 2509 irata
1973 2450 2019 2508 lua.

1295 2539 1463 2609 ulciscatur;
1485 2540 1520 2596 cl.
1538 2542 1639 2599 Electr.
1657 2540 1747 2618 soph.
1764 2541 1831 2598 δοῦ.
1848 2542 1933 2617 Virgo
1951 2552 2019 2594 trouu

1294 2627 1466 2701 abducitur,
1480 2640 1513 2684 ut
1529 2628 1700 2687 immoletur.
1719 2628 1839 2705 tuipsa
1850 2648 1925 2686 sacra
1937 2628 2019 2685 retule-

1295 2717 1347 2771 rim
1362 2716 1551 2791 fragmeutum
1562 2715 1640 2792 apud
1653 2716 1827 2790 Hesychitun
1846 2738 1869 2771 ιι.
1883 2714 2020 2773 'tautam

1294 2812 1335 2861 rot
1351 2823 1357 2857 :
1373 2802 1508 2882 Σοφοκλῆς
1521 2804 1547 2859 ἐν
1562 2801 1699 2883 Ἰφιγενείᾳ
1712 2802 1777 2881 [85]
1793 2832 1805 2855 ιι
1818 2803 1932 2861 ιτύνδαιια
1944 2806 1981 2857 τοῦ
1996 2798 2019 2863 lt·

1295 2912 1356 2968 φους
1377 2916 1388 2940 ν
1410 2891 1457 2959 τὴν
1484 2888 1569 2960 λαύὴν
1602 2888 1660 2969 ἔφη.
1693 2891 1771 2949 Dicit
1802 2892 1879 2949 enim
1914 2888 2019 2965 capulum

1295 2976 1399 3053 gladii,
1422 2996 1517 3053 quem,
1532 2990 1565 3035 ut
1579 2976 1724 3037 occideret
1744 2978 1902 3056 virginem,
1915 2971 2020 3033 saoerdm

1294 3064 1523 3141 comprehendit.

1333 3152 1429 3209 Clroro
1442 3152 1609 3210 tribuuntur
1623 3170 1743 3224 versus,
1755 3152 1807 3230 qui
1820 3163 1886 3209 suat
1895 3148 1962 3228 apud
1973 3151 2020 3201 Sto»

1293 3239 1385 3298 baeum
1398 3245 1501 3312 111111,
1517 3244 1554 3298 6:

1292 3375 1354 3460 [86]
1371 3377 1476 3444 Τίκτει
1491 3376 1549 3469 γὰρ
1566 3369 1653 3443 οὐδὲν
1668 3372 1771 3442 ἐσθλὸν
1789 3377 1887 3442 eisaie
1900 3377 1989 3465 ογολτζ·

1370 3491 1432 3568 θεὸς
1446 3482 1480 3556 δὲ
1494 3497 1557 3567 τοῖς
1574 3491 1714 3584 ἀργοῦσιν
1731 3494 1765 3556 ού
1782 3491 1968 3583 παρίσταται.

1291 3642 1333 3696 Ac
1349 3653 1424 3695 recte
1437 3636 1554 3712 quidem
1568 3638 1687 3694 fortasse
1705 3637 1796 3694 choro
1819 3636 2019 3693 vindiceatum

1292 3725 1408 3802 quidem
1428 3727 1476 3802 qui
1494 3738 1561 3782 sunt
1576 3724 1654 3802 apud
1670 3724 1796 3782 Gellium
1810 3729 1893 3796 11111,
1906 3742 1944 3790 ιο,
1957 3717 2020 3776 Ennii

1294 3833 1411 3887 versus,
1428 3833 1444 3869 ιι
1461 3813 1606 3889 Sophocle
1624 3811 1739 3888 repetiti
1757 3825 1836 3868 suut.
1853 3809 1949 3882 Quasi
1962 3817 2020 3862 reru·

1293 3911 1483 3972 statuuntur,
1506 3920 1541 3956 ex
1562 3899 1708 3974 colloquio
1728 3895 1818 3954 verba
1841 3910 1924 3954 sumta
1942 3890 2020 3950 creda

1292 3987 1372 4046 chori
1392 4007 1457 4044 cum
1475 3995 1703 4064 Agauremuone,
1720 3985 1770 4062 qui
1787 3986 1872 4042 liliam
1890 4000 1966 4059 quum
1981 3979 2020 4033 in

1293 4075 1399 4132 molare
1413 4073 1571 4145 dubitaret,
1584 4094 1599 4130 a
1616 4072 1717 4142 choro,
1734 4073 1781 4130 cui
1795 4073 1885 4129 ouum
1898 4069 2019 4126 numum

1292 4163 1393 4232 luerit,
1405 4162 1564 4219 adsacrum
1577 4159 1786 4236 perficiendum
1797 4157 1950 4236 impellitur.

1591 4295 1757 4318 ⁴00·—

1465 4390 1697 4451 ARGlVOllUlll
1717 4387 1869 4450 CONCIO.

1328 4526 1463 4583 Omnium
1479 4523 1563 4600 longe
1577 4522 1773 4582 difficillimum
1794 4535 1837 4579 est
1855 4515 1949 4594 aliquid
1963 4521 2016 4568 ατί]

1288 4628 1336 4672 aut
1352 4635 1388 4672 ex
1401 4613 1567 4690 fragmentis
1582 4613 1724 4690 expiscari
1738 4623 1788 4669 aut
1801 4611 1950 4685 conjectum
1963 4617 2016 4694 con·

1288 4703 1405 4760 stituere
1416 4700 1451 4757 de
1467 4699 1609 4776 tragedia,
1621 4719 1685 4774 quae
1705 4699 1820 4756 nomine
1843 4693 1942 4772 Ἀχαυῖιν
1966 4704 2015 4741 ινι-

1278 4789 1365 4868 ,λύγου
1390 4789 1503 4859 citatur,
1521 4788 1714 4864 dillernutque
1732 4782 1929 4864 quammaxime
1956 4773 2015 4828 rire-

1289 4897 1352 4934 rum
1370 4877 1518 4934 doctorum
1532 4875 1685 4933 sententia.
1703 4879 1746 4932 Nc
1762 4871 1831 4930 illud
1844 4867 1948 4946 quidem
1965 4871 2016 4914 sur

1289 4976 1399 5022 constat
1425 4964 1518 5020 sintne
1548 4961 1659 5038 ’Ἀχαιῶν
1682 4959 1804 5036 σύλλογος
1826 4971 1853 5014 et
1889 4951 2015 5010 edvium

481 5069 2017 5105 M

476 5242 516 5294 't'u
530 5255 590 5309 quae
604 5254 728 5295 summos
741 5167 948 5312 genemiloaen
962 5255 1000 5295 os.

476 5394 647 5466 ltepeudeut
658 5395 692 5450 ad
705 5397 802 5463 virum,
815 5325 915 5468 edipus
928 5399 1000 5453 sieut
1012 5399 1125 5469 polypus

1288 5160 1322 5217 ad
1335 5177 1428 5216 saxum
1440 5201 1447 5225 ,
1461 5170 1488 5215 te
1501 5158 1618 5230 applices
1633 5157 1718 5213 nobili
1734 5157 1833 5212 animo.

1287 5317 1386 5374 Nullus
1400 5315 1505 5386 supine
1519 5313 1625 5371 fructus
1638 5243 1822 5386 dsl'ignutae.

1288 5411 1338 5450 nec
1352 5395 1479 5450 feriantes
1493 5393 1603 5466 adjuvat
1617 5393 1709 5450 fautor
1722 5392 1797 5450 deus.
1817 5393 1886 5447 flor.
