4567 6425
412 687 449 736 80
654 669 940 730 ΑΓΑΜΕΜΝΩΝ.
1482 667 1744 729 AGAMEMNO.

557 801 646 882 καιρδν
660 799 779 882 χάριτοςς
1205 799 1209 853 l
1291 805 1493 868 opportunitatem
1506 805 1617 855 lionoris?

518 889 617 950 Πολλοί
631 888 658 947 δὲ
671 891 769 968 βροτῶν
782 885 813 944 τθ
826 888 909 945 δοκεῖν
922 879 987 946 εἶναι
1261 892 1329 942 llulti
1342 897 1423 945 autem
1436 892 1547 941 murmles
1559 893 1662 956 speciem

516 976 652 1058 προτίουσι
667 975 740 1047 δίκην
753 974 926 1054 παραῦάντες.
1207 1040 1208 1053 γ
1260 979 1403 1043 presserunt,
1413 979 1530 1041 justitiam
1544 980 1680 1042 migrantes.

425 1085 438 1096 ·
516 1068 564 1146 Τῷ
579 1067 768 1144 δυσπραγοῦντι
783 1063 805 1120 δ’
819 1063 998 1142 ἐπιστενάχειν
1205 1058 1209 1101 ⁴
1261 1070 1322 1116 cum
1334 1067 1465 1116 intelicibua
1474 1066 1555 1128 lugere

517 1162 569 1218 πᾶς
578 1175 617 1217 τις
628 1150 735 1228 έτοιμος·
750 1152 837 1228 δῆγμα
852 1150 879 1208 δὲ
891 1148 974 1221 λύπης
1261 1155 1424 1217 unusquisque
1436 1159 1531 1217 paratus
1540 1159 1591 1215 eat;
1603 1154 1644 1204 sed
1659 1155 1737 1204 luctus
1748 1168 1844 1204 morsus

517 1237 590 1298 οὐδέν
604 1240 643 1320 ἀρ’
655 1230 729 1318 ἧπαρ
741 1240 927 1316 προσικνεῖται·

517 1325 562 1384 καὶ
577 1325 756 1404 ξυγχαίρουσιν
769 1328 950 1406 ὁμοιοπρεπεῖς

517 1415 649 1490 ἀγελαστα
665 1411 794 1492 πρόσωπα
810 1412 964 1491 βιαζόμενοι.

426 1521 438 1560 7
518 1499 611 1567 Ὅστις
624 1500 645 1558 δ’
660 1500 754 1578 ἀγαθὸς
766 1497 1003 1578 προόατογνιύμων,

517 1590 564 1647 οὐκ
576 1587 631 1646 ἔστι
641 1589 729 1646 λαθεῖν
744 1586 854 1664 ὄμματα
868 1586 964 1663 ρωτδς,

518 1673 552 1733 τά
565 1676 679 1734 δοκοῦντ’
691 1673 811 1755 εὔφρονος
824 1677 855 1732 ἐκ
868 1675 983 1741 διανοίας

1261 1243 1291 1290 ad
1302 1255 1343 1292 eor
1355 1255 1402 1290 non
1414 1245 1533 1305 penetrat:
1788 1279 1794 1286 .
1880 1242 2001 1306 [terentes.

1261 1337 1286 1379 et
1302 1343 1349 1378 ιιιιε
1359 1329 1463 1390 gaudent
1474 1343 1529 1378 aum
1546 1328 1668 1390 felicibus,
1682 1329 1772 1379 similes
1788 1332 1900 1392 aspectus
1919 1347 1966 1394 prae
1982 1351 2003 1379 a·

1261 1423 1647 1474 dumulienosaridendorultus
1659 1425 1682 1474 io
1695 1425 1770 1474 risum
1781 1431 1878 1486 regunt.

1262 1522 1307 1579 Qui
1321 1535 1378 1570 vero
1391 1519 1468 1570 bouus
1477 1521 1584 1582 cognitor
1596 1526 1649 1580 est,

1262 1623 1316 1658 eum
1328 1623 1375 1658 non
1387 1612 1488 1672 pessunt
1503 1607 1565 1658 uouli
1578 1609 1622 1658 riri
1632 1609 1716 1668 celari,
1885 1609 1999 1672 [ridentur
2074 1601 2075 1626 ³

1262 1697 1303 1761 qui
1310 1711 1339 1746 ex
1348 1697 1462 1747 benevola
1474 1701 1552 1748 mente
1560 1699 1588 1760 (i.
1598 1710 1619 1746 e.
1629 1697 1830 1747 lenaeotencram
1839 1699 2001 1752 simulantem

1262 1785 1371 1847 aquatica
1384 1786 1444 1848 (non
1454 1786 1566 1847 namuco)
1577 1785 1679 1835 aruicitia
1689 1786 1790 1835 adulari.

1263 1876 1299 1922 'l'u
1309 1886 1366 1920 vero
1377 1873 1436 1921 nitu
1448 1876 1601 1936 tum,quum
1612 1874 1743 1922 abduceres
1754 1879 1886 1923 exereitum

518 1765 607 1844 ύθαρεῖ
619 1762 716 1821 σαίνειν
728 1761 856 1843 ριλόιητι.

519 1850 557 1910 Et
570 1850 598 1910 δέ
610 1874 655 1927 μοι
667 1849 726 1909 τότε
738 1848 785 1927 μὲν
798 1849 911 1909 στέλλων
925 1849 1048 1930 στρατιὰν

520 2025 593 2106 κάρτ’
609 2024 766 2102 ἀπομούσως
779 2017 847 2096 ἦσθα
858 2025 1049 2104 γεγραμμένος,

518 2114 571 2172 οὐδ’
585 2104 614 2172 ed
627 2112 763 2194 πραπίδων
776 2111 854 2170 οίακα
868 2111 952 2189 νέμων

558 2200 651 2280 θράσος
665 2198 785 2257 ἀκούσιον

519 2288 628 2369 ἀνδράσι
639 2287 777 2358 θνήσκουσι
791 2287 913 2364 κομίζων.

520 2378 575 2436 Νῦν
593 2376 616 2433 δ’
630 2377 677 2434 οὐκ
691 2374 736 2432 ἀπ’
750 2373 832 2486 ἄκρας
844 2374 935 2456 ρρενθς
947 2376 1000 2434 οὐδ’
1014 2377 1111 2456 ἀριλως

520 2461 620 2543 εὔρρων
634 2485 672 2528 τις
684 2460 761 2528 πόνος
774 2484 802 2519 ευ
816 2461 946 2521 τελέσασι.

520 2549 619 2612 Γνώσει
633 2549 661 2608 δὲ
675 2547 760 2631 χρόνῳ
772 2549 969 2627 διαπευθόμενος

519 2637 562 2698 τόν
576 2637 605 2696 τε
619 2637 722 2704 δικαίως
735 2636 838 2695 καὶτὸν
853 2637 967 2720 ἀκαίρως

519 2725 595 2786 πολιν
609 2728 773 2806 οἰκουροῦντα
786 2728 908 2785 πολιτῶν.

694 2829 904 2876 ΑΓΑΜΕΜΝΩΝ.

428 2924 469 2964 σου
481 2905 590 2985 Πρῶτον
605 2900 651 2980 μέν
665 2898 757 2982 Ἄργος
770 2900 815 2958 καί
830 2900 900 2968 θεοὺς
914 2902 1052 2982 ἐγγωρίους

481 2991 540 3062 δίκη
553 2991 712 3071 προσειπεῖν,
725 2986 784 3055 noi<
796 2988 854 3064 ἐμοὶ
869 2993 1014 3065 μεταιτίους

482 3079 573 3138 νόστου
586 3077 693 3136 δικαίων
706 3077 728 3134 θ’
741 3065 778 3134 ὧν
792 3075 945 3155 ἐπραξάμην
957 3077 1032 3134 πολιν

482 3165 614 3247 Πριάμου.
629 3163 710 3230 Δίκας
722 3162 773 3244 γθρ
787 3165 834 3222 οὐκ
848 3162 901 3222 ἀπὸ
914 3161 1034 3241 γλώσσης
1047 3163 1100 3224 θεοὶ

482 3253 602 3320 κλύοντες
615 3255 783 3333 ἀνδροθνῆτας
798 3252 876 3312 Ἰλίου
891 3250 985 3333 ρθοράς

430 3361 470 3403 ott
486 3344 512 3408 ἀς
524 3340 669 3419 αἱματηρὸν
682 3344 772 3417 τεῦχος
787 3340 816 3397 οὗ
830 3338 990 3420 διχορρόπως

483 3427 584 3509 ψήφους
596 3426 690 3485 ἔθεντο·
704 3429 741 3506 τιῖι
755 3425 777 3484 δ’
792 3426 899 3507 ἐναντίῳ
912 3425 984 3485 κύτει

483 3516 556 3582 ἐλπίς
569 3514 679 3595 προσῄει
691 3513 777 3595 χειρὸς
791 3516 820 3572 οὗ
833 3514 1014 3595 πληρουμένῳ.

485 3608 587 3685 Καπνῷ
601 3604 623 3661 δ’
637 3604 738 3661 ἁλοῦσα
752 3608 797 3660 νῦν
811 3600 848 3659 ἔτ’
862 3602 974 3680 εὔσημος
987 3605 1068 3669 πολις.

484 3681 560 3754 1’δι-ης
573 3682 679 3740 θύελλαι
691 3686 762 3751 ζῶσι·
777 3683 971 3751 συνθνήσκουσα
987 3682 1014 3740 δὲ

431 3793 472 3833 aaa
484 3772 578 3837 σποδός
592 3767 742 3850 προπέμπει
756 3768 846 3835 πίονας
858 3768 971 3828 πλούτου
984 3771 1072 3837 πνοάς.

483 3858 590 3920 Τούτων
604 3862 683 3918 θεοῖσι
695 3854 749 3939 χρὴ
763 3854 945 3933 πολύμνηστον
959 3856 1035 3939 χάριν

1263 2060 1320 2096 saue
1332 2047 1419 2096 stultus
1431 2047 1533 2110 scriptus
1544 2061 1597 2096 eras
1609 2047 1807 2108 (insolentioris),

1263 2147 1340 2197 neque
1351 2138 1379 2181 ut
1389 2136 1429 2196 qui
1442 2134 1502 2184 beas
1514 2135 1599 2184 mentis
1611 2135 1713 2196 regirnea
1725 2135 1854 2198 dirigeres,

1293 2235 1367 2284 quum
1379 2221 1502 2270 audaciam
1512 2223 1610 2271 inritam

1263 2309 1412 2358 moribundis
1422 2309 1479 2358 viris
1492 2309 1631 2372 imponeres.
1830 2309 1897 2372 [rara
1908 2313 2005 2360 amicitia
2078 2306 2079 2390 γ

1263 2399 1332 2446 Nune
1344 2409 1400 2446 vero
1411 2409 1436 2445 re
1448 2396 1507 2446 lreue
1513 2402 1579 2458 gesta
1586 2411 1633 2445 non
1646 2410 1674 2445 es
1685 2395 1808 2458 superlicio
1820 2397 1893 2446 animi
1906 2413 1948 2446 uec
1959 2400 2006 2446 siue
2078 2399 2079 2404 ’

1263 2485 1344 2546 gratus
1351 2487 1388 2534 est
1400 2483 1598 2533 labornonnullus
1611 2483 1639 2532 its
1651 2485 1691 2546 qui
1702 2484 1762 2533 bene
1772 2498 1801 2534 eo
1813 2482 1992 2535 astunensem

1263 2573 1397 2632 cognosces
1408 2575 1487 2620 autern
1499 2575 1605 2634 tempore
1617 2571 1740 2635 inquirens

1267 2665 1291 2708 et
1301 2659 1342 2721 qui
1350 2663 1415 2720 juste
1424 2663 1449 2707 et
1456 2659 1498 2721 qui
1508 2658 1635 2719 incongrue

1264 2745 1352 2794 sirium
1365 2745 1447 2795 urbem
1460 2745 1609 2794 habitaverit.

1524 2847 1709 2893 'tulmentum

1236 2921 1341 2969 Primum
1353 2924 1427 2982 Argus
1436 2920 1540 2982 deosque
1552 2919 1674 2982 indigenas

1235 3009 1271 3057 tas
1281 3012 1319 3056 est
1329 3008 1445 3068 salutare,
1457 3007 1498 3069 qui
1515 3005 1573 3055 milri
1585 3006 1705 3068 adjutores
1716 3011 1784 3056 erant

1235 3094 1324 3146 reditus
1332 3094 1449 3158 justaque
1462 3107 1552 3157 preum,
1564 3107 1637 3156 quam
1647 3094 1714 3156 exegi
1725 3094 1756 3143 ab
1768 3095 1826 3144 urbe

1235 3182 1330 3233 Priami.
1343 3186 1443 3232 (numm
1456 3181 1519 3231 enirn
1528 3195 1576 3232 non
1585 3181 1615 3231 ab
1626 3181 1704 3243 lingua
1716 3181 1725 3247 l
1738 3197 1788 3235 noe
1807 3181 1959 3245 sophistice)
1970 3183 2000 3232 dii

1234 3275 1403 3333 cognoscentes
1414 3270 1535 3319 interitum
1543 3270 1579 3320 llii
1586 3284 1641 3319 euru
1652 3274 1728 3321 morte
1739 3271 1845 3319 virorum
1855 3269 2006 3333 coniunctum

1236 3358 1260 3407 in
1271 3364 1392 3407 cruentam
1403 3370 1501 3417 uinum,
1514 3357 1576 3406 lraud
1590 3357 1674 3407 divisis
1686 3358 1825 3419 sententiis,

1235 3446 1355 3507 sullragiis
1366 3445 1484 3505 conjectis
1494 3444 1663 3505 decreverunt,
1675 3444 1705 3493 nd
1716 3446 1818 3495 alterum
1828 3450 1912 3495 autem
1926 3460 1967 3493 ru.»

1236 3547 1290 3595 spes
1302 3546 1387 3581 manus
1398 3533 1512 3590 accessit,
1525 3533 1574 3582 lure
1586 3538 1612 3581 ut
1624 3546 1671 3581 non
1683 3533 1819 3595 impleretur
1832 3546 1915 3581 nrauu.

1235 3625 1310 3671 Funto
1319 3634 1375 3670 reto
1385 3620 1457 3670 etiarn
1467 3634 1528 3669 auae
1535 3620 1592 3669 urbs
1600 3621 1770 3683 oonspieuaest
1778 3625 1873 3683 captam
1885 3636 1939 3670 eam
1949 3638 1968 3670 e
1976 3638 2006 3669 νυ.

1236 3710 1322 3771 lligeut
1332 3708 1444 3772 perniciei
1454 3708 1579 3770 procellam
1591 3711 1616 3757 at
1627 3708 1785 3757 commoriens

1237 3796 1316 3846 ravim
1327 3797 1425 3858 pingues
1437 3795 1544 3858 pristinae
1554 3795 1683 3857 opulentire
1694 3795 1856 3844 erlrolutiones
1866 3796 1963 3844 emittit.

1239 3887 1326 3933 tlarum
1339 3895 1418 3932 rerum
1429 3882 1476 3931 diis
1486 3887 1581 3945 oportet
1591 3881 1694 3931 multum
1707 3896 1836 3931 ureruorem
1848 3882 1950 3941 graiium

483 3948 571 4019 τίνων
585 3946 691 4027 gum?
702 3945 748 4003 καί
762 3944 848 4022 ''dl“
861 3945 1015 4023 ὑπερκότως
1237 3972 1342 4033 solvere,
1352 3968 1544 4033 quandoquidem
1555 3970 1627 4019 etiarn
1639 3970 1767 4019 vindictam
1777 3970 1944 4031 gratissimam

483 4034 686 4116 ἀπραξάμεσθα,
700 4034 745 4091 καὶ
758 4032 878 4111 γυναικός
892 4030 985 4091 οὔνεκα

485 4123 562 4182 πολιν
576 4120 731 4195 διημάθυνεν
744 4122 857 4201 Ἀργεῖον
871 4120 966 4195 δάκος,

431 4234 473 4271 ωε
485 4208 566 4269 ίππου
581 4209 698 4281 νεοσσὸς,
712 4207 919 4288 ἀσπιδηστρόρσς
933 4209 1010 4280 λεὼς,

485 4298 586 4373 πήδημ’
600 4296 708 4377 ὀρούσας
722 4294 790 4377 ἀμφὶ
804 4295 940 4353 Πλειάδων
955 4296 1036 4354 δύσιν·

485 4383 631 4468 ῦπερθορδιν
645 4380 673 4443 δέ
686 4383 783 4466 πύργον
796 4382 921 4460 ὠμηστὴς
934 4382 1000 4443 λέων

486 4475 551 4546 ἄδην
564 4472 656 4541 ἔλειξεν
671 4470 781 4550 αἵματος
791 4477 952 4553 τυραννικοῦ.

488 4566 566 4628 Θεοῖς
580 4560 628 4639 μὲν
643 4559 755 4627 ἐξέτεινα
768 4560 886 4641 φροίμιον
898 4559 965 4617 τόδε·

432 4672 473 4711 aso
484 4649 519 4709 τθ
532 4650 554 4708 δ’
568 4652 595 4714 ἐς
606 4648 637 4707 τδ
650 4648 696 4706 σδν
710 4645 845 4727 φρόνημα,
860 4644 997 4723 μέμνημαι
1011 4644 1105 4719 κλύων,

487 4737 532 4796 καί
544 4735 612 4819 ρημὶ
625 4732 709 4795 ratri
722 4735 767 4792 καὶ
782 4732 922 4813 συνήγορόν
937 4733 964 4809 μ’
978 4732 1055 4811 ἔχεις.

488 4823 602 4907 Παύροις
615 4821 666 4905 γδρ
680 4824 779 4903 ἀνδρῶν
790 4823 845 4880 ἐστι
856 4818 976 4899 συγγενίς
989 4822 1060 4893 τόδε,

485 4912 559 4993 ρίλον
569 4912 614 4970 αδν
627 4909 773 4990 εὐτυχοῦντ’
787 4908 848 4967 ἄνευ
859 4906 951 4990 ρθόνου
962 4906 1057 4969 σέῦειν.

486 4998 611 5081 Δύσρρων
626 4996 677 5078 γάρ
688 4999 725 5065 ίθς
739 4996 846 5079 καρδίαν
859 4994 1021 5075 προσ-άμενος

435 5107 475 5147 aas
486 5086 565 5165 ἀχθος
578 5084 703 5155 διπλοίζει
713 5089 751 5166 τῷ
765 5082 911 5165 πεπαμένῳ
924 5082 1007 5154 νόσον,

487 5175 540 5241 τοῖς
552 5172 576 5232 τ’
591 5172 668 5240 αθτδς
678 5177 758 5232 αὑτοῦ
769 5171 889 5249 πήμασιν
905 5171 1043 5253 βαρύνεται

489 5262 535 5321 καλ
548 5260 592 5321 τδν
606 5262 710 5343 θυραῖον
723 5260 800 5320 όλῦυν
815 5262 921 5341 εἰσορῶν
935 5259 1027 5320 στένει·

489 5348 562 5418 εἰδὼς
574 5347 673 5429 λέγοιμ’
687 5348 733 5420 ἀν,
746 5340 776 5407 ιθ
788 5348 839 5429 γάρ
851 5347 1020 5426 ἀξεπίοταμαι

491 5436 595 5517 ὁμιλίας
608 5437 766 5516 κάτοπτρον,
778 5436 883 5495 εἴδωλον
896 5445 971 5502 σκιᾶς

1238 4058 1383 4119 sumsimus,
1394 4060 1466 4121 aturre
1478 4057 1584 4107 mulieris
1595 4072 1665 4107 causa

1238 4147 1321 4197 urbem
1333 4146 1418 4207 Argiva
1430 4145 1508 4194 bellua
1517 4144 1618 4203 delevit,

1237 4235 1292 4297 equi
1304 4234 1398 4297 pullus,
1411 4238 1517 4281 seutatrn
1530 4234 1644 4295 propolas,

1239 4318 1300 4367 saltu
1310 4318 1372 4365 eirca
1385 4315 1505 4365 Pleiadum
1517 4326 1628 4364 occasum
1640 4315 1672 4375 (ι’.
1682 4328 1703 4363 e.
1719 4316 1803 4373 nocta)
1815 4314 1925 4363 irrueua:

1240 4410 1328 4455 turrem
1339 4416 1395 4453 uero
1407 4403 1540 4453 transiliens
1550 4402 1672 4451 laarelicus
1682 4403 1720 4451 leo

1239 4494 1330 4543 ullulltrt
1343 4491 1398 4551 regii
1410 4491 1530 4551 sanguinis
1542 4490 1618 4539 linxit.
1941 4490 2017 4551 [sttrtr;

1241 4584 1317 4639 ntque
1329 4578 1358 4627 ad
1370 4577 1429 4625 darn
1439 4576 1535 4639 quidem
1549 4577 1601 4624 liaeo
1612 4578 1671 4625 satis
1682 4576 1756 4625 multa
1766 4578 1788 4623 tn
1801 4574 2020 4638 {instimulante

1240 4666 1269 4715 ad
1282 4671 1349 4714 tuum
1360 4678 1416 4714 sero
1427 4666 1499 4714 animi
1508 4664 1624 4725 judieimn
1636 4662 1701 4726 quod
1712 4667 1908 4721 attinet,rmsnor
1922 4665 1967 4711 istu
1981 4676 2020 4709 nu·

1240 4751 1371 4814 mdemque
1381 4750 1433 4799 (iseo
1445 4763 1531 4811 mepue
1540 4750 1707 4799 assentientem
1720 4748 1799 4797 trebes.
1946 4748 2002 4812 [itini
2014 4778 2019 4797 ι

1242 4838 1325 4888 Parlais
1337 4837 1472 4887 hominibus
1484 4839 1528 4885 troc
1541 4838 1646 4887 innatum
1656 4842 1710 4897 est,

1242 4931 1269 4976 ut
1278 4925 1380 4974 amioum
1393 4924 1539 4974 lortunatum
1549 4938 1578 4973 ex
1587 4924 1666 4973 οιιίιιιο
1678 4924 1716 4987 pie
1725 4924 1811 4973 artaret.

1242 5017 1301 5069 itam
1312 5012 1485 5061 malevolentiae
1495 5012 1579 5073 rubigo
1590 5024 1631 5059 eor
1642 5010 1750 5060 assidens

1242 5100 1375 5149 molestiam
1386 5100 1422 5159 ei,
1435 5100 1475 5161 qui
1488 5100 1533 5147 lroo
1543 5098 1624 5147 morbo
1635 5102 1758 5159 correptus
1770 5098 1800 5145 sit
1810 5132 1817 5155 ,
1829 5093 2002 5156 conduplicat,

1241 5192 1265 5237 et
1276 5188 1326 5236 suis
1338 5187 1388 5249 ipse
1397 5186 1466 5236 malis
1478 5192 1618 5249 aggravatur

1241 5280 1265 5325 et
1273 5274 1374 5323 alienam
1385 5274 1529 5335 opulentiam
1542 5274 1636 5323 intuens
1647 5274 1726 5336 gemit.

1241 5364 1335 5411 Guams
1347 5362 1391 5409 lrue
1402 5360 1493 5418 dicam,
1506 5372 1561 5408 nuru
1573 5358 1633 5408 bene
1643 5360 1742 5419 cognovi

1246 5449 1338 5497 inanem
1349 5446 1512 5495 trrrrritimitatis
1522 5448 1637 5509 speeiem,
1652 5446 1742 5496 mulum
1753 5444 1878 5506 iuragiuem

520 1937 630 2009 Ἑλένης
643 1937 717 2008 tssx',
732 1940 762 1995 ⁰¹3
776 1935 827 2017 γὰρ
840 1936 987 2008 misti»,
1268 1959 1364 2008 llelenae
1376 1973 1462 2019 eausa,
1474 1974 1521 2008 nun
1532 1961 1594 2008 enim
1606 1965 1630 2009 te
1641 1961 1737 2018 celabo,
