4567 6425
1023 706 1197 768 escam
1218 706 1463 776 ιιιοιιιιιιι,

1406 846 1660 908 annuerimus
1684 846 1861 909 sonorus
2061 831 2062 880 I

456 722 511 776 190

454 850 604 919 mortales,
618 847 765 925 ιγιιοιοούο
782 848 824 906 illi
840 858 957 925 accepto
978 846 1042 923 igne
1062 845 1211 905 commode

455 949 613 1008 uterentur,
632 948 660 993 et
669 956 753 1011 quam
764 936 794 993 in
808 934 867 993 vita
884 933 992 1012 agenda
1005 936 1146 994 rationem
1159 954 1209 991 re-

453 1041 497 1086 cte
522 1037 728 1103 sequerentur,
759 1024 1061 1103 unicuique·exponit
1082 1024 1210 1093 consilia,

451 1136 516 1194 (quae
536 1116 643 1193 optima
668 1115 741 1181 sint,
765 1116 835 1192 quid
863 1115 983 1193 quisque
1002 1134 1086 1193 agere
1108 1114 1211 1172 debeat

452 1203 541 1282 (apud
552 1204 675 1263 Gellium
687 1206 770 1279 XIII,
787 1202 847 1280 18):

451 1348 513 1428 [63]
538 1349 632 1436 Σιγῶν
650 1342 677 1408 θ’
691 1346 768 1410 όπου
790 1334 839 1409 δεῖ
852 1340 904 1409 καὶ
921 1342 1017 1433 λέγων
1037 1338 1077 1407 rit
1098 1340 1208 1433 καίρια.

451 1486 512 1540 Non
528 1482 611 1559 plora
625 1491 736 1538 serrata
751 1493 827 1537 sunt.

777 1600 886 1618 ...α’-

608 1682 864 1748 PROME'I'IIEUS
883 1686 1051 1745 VINCI'US.

476 1822 670 1893 ‘Quamquam
689 1816 875 1875 Prometheus
893 1817 1014 1875 Vinctus
1030 1829 1141 1875 exstare
1161 1818 1209 1875 in-

450 1918 530 1983 teger
541 1904 670 1974 videtur,
691 1918 784 1963 tamen
802 1916 831 1962 et
848 1915 915 1961 sunt
926 1904 1074 1981 quaedam,
1099 1924 1163 1982 quae
1174 1926 1210 1963 ex

449 1994 498 2051 illa
513 1994 639 2050 citantur
651 1991 785 2069 tragoedia
798 2011 891 2068 neque
904 1991 989 2049 hodie
1005 1993 1035 2049 in
1049 2012 1082 2050 ea
1095 1995 1208 2070 reperi-

450 2093 545 2151 untur,
562 2092 591 2138 et
602 2080 627 2137 si
639 2079 790 2156 diligenter
802 2080 940 2148 attendas,
956 2080 1040 2136 etiam
1057 2080 1118 2138 loca
1131 2101 1208 2158 qnae-

449 2168 515 2225 dam
529 2166 744 2245 deprehendas,
763 2166 908 2242 inquibus
920 2166 1048 2224 nonnihil
1063 2168 1210 2227 desidera-

451 2267 508 2313 tur.
523 2253 556 2313 Id
567 2254 656 2331 magis
672 2254 858 2311 confirmatur
868 2253 1054 2313 similitudine
1062 2275 1207 2328 versuum,

449 2341 498 2417 qui
508 2360 544 2399 ex
555 2342 656 2402 Soluto
664 2340 800 2407 citantur,
817 2352 849 2399 nt
859 2341 890 2399 in
902 2352 979 2398 tanta
989 2342 1138 2419 utriusque
1151 2356 1209 2402 tra·

449 2430 550 2507 goediae
562 2428 756 2501 similitudine,
773 2450 808 2489 ex
818 2432 923 2489 vincto
932 2431 1073 2489 excidisse
1083 2432 1150 2509 jure
1164 2432 1208 2491 di·

446 2518 776 2575 vinaveris.Suntantein
785 2518 814 2575 hi
822 2518 900 2595 apud
908 2520 1047 2578 Galerium
1057 2520 1086 2578 in
1095 2526 1206 2581 Comm.

447 2606 534 2684 prim.
546 2605 583 2663 ad
595 2606 736 2683 Hippocr.
749 2606 833 2684 Epid.
846 2613 896 2681 Vl,
911 2628 940 2686 p.
957 2610 1011 2677 454
1025 2609 1105 2687 (385)
1118 2632 1125 2666 :

444 2744 506 2823 [64]
526 2740 648 2807 Εὐθεῖαν
663 2744 733 2833 έρπε
745 2734 855 2817 τήνδε·
878 2742 929 2808 καὶ
944 2745 1102 2835 πρώτιστα
1120 2746 1173 2837 μὲν

444 2836 593 2936 Βορεάδας
605 2840 684 2924 ἥξεις
700 2846 775 2937 πρὸς
788 2846 900 2928 πνοὰς,
915 2850 952 2913 ἵν’
972 2842 1102 2915 εὐλαόοῢ

446 2951 556 3039 βρόμον
570 2944 786 3045 καταιγόζοντα
797 2998 806 3033 ,
818 2954 862 3041 μή
877 2954 905 3017 τ’
915 2952 1072 3047 οἱναρποίσγ

445 3048 631 3147 δυσχειμέρῳ
649 3059 776 3147 πέμφιγι
792 3052 962 3148 συστρέψας
980 3055 1076 3150 ἅρνω.

444 3202 555 3262 Deinde
570 3225 669 3264 versus
681 3217 774 3263 exstat
794 3205 871 3284 apud
894 3206 1080 3268 Scholiastam
1097 3211 1203 3270 hristi-

443 3290 487 3349 dis
501 3311 518 3349 a
532 3293 704 3350 Frommelio
720 3293 829 3352 editum
847 3295 887 3374 (p.
903 3299 984 3374 191),
999 3297 1049 3356 nbi
1068 3299 1148 3356 haec:
1164 3297 1205 3360 Τθ

444 3377 544 3448 δειλίας
557 3377 583 3447 έξ
595 3377 705 3445 Αἴαντος
715 3386 760 3439 τοῦ
772 3384 963 3464 μαστιγοφόρου
977 3385 1156 3467 Σοφοκλέους,
1173 3385 1203 3447 ab

444 3463 473 3608 {l
488 3469 589 3571 σιμπῆς
603 3467 632 3524 lx
647 3467 813 3545 Σιμωνίδου·
829 3469 874 3530 καὶ
887 3470 1016 3552 Αἰσχύλος
1028 3475 1054 3534 έν
1067 3477 1204 3556 Προμηθεῖ

462 3573 567 3631 superq
579 3571 586 3585 ·

443 3672 507 3750 [65]
527 3671 657 3750 Πολλοῖς
674 3670 731 3764 γοὶρ
747 3673 812 3738 ἐστι
826 3665 929 3763 κέρδος
947 3683 965 3750 ἡ
982 3679 1048 3770 orsi
1069 3679 1200 3771 βροτοῖς.

360 3861 363 3868 ⁴
444 3795 548 3854 Versus
561 3795 685 3874 denique
705 3809 748 3856 est
766 3798 843 3876 apud
857 3800 1031 3859 Priscianum
1044 3804 1133 3876 attii,
1152 3805 1202 3881 qui

442 3901 531 3958 ‹puum
543 3884 742 3942 Prometheum
754 3884 963 3958 Vinctrrm,non
974 3891 1104 3948 Solutum
1114 3891 1201 3950 latine

441 3971 569 4044 verterit,
581 3992 617 4030 ex
628 3971 678 4029 illo
693 3984 823 4050 sumptus
833 3992 894 4032 esse
906 3975 1031 4034 creditur
1043 3975 1101 4056 (ap,
1114 3979 1199 4038 Prisc.

442 4059 495 4128 XI,
508 4077 536 4134 p.
547 4059 604 4116 685
619 4071 647 4116 et
659 4061 782 4118 Nonium
795 4080 824 4138 p.
840 4061 925 4140 208):

539 4189 610 4244 Tum
625 4189 754 4260 profusus
764 4193 874 4252 flamine
885 4195 999 4254 hiberno
1012 4198 1098 4270 gelus.

1295 1014 1494 1071 Prometheum
1505 1010 1986 1091 poetainscenamtlenuoprodaxit,
2062 1071 2063 1088 γ

1255 1113 1284 1159 at
1302 1122 1361 1159 non
1381 1103 1462 1161 illum
1478 1099 1620 1178 superbiae
1637 1101 1878 1176 contumaciaeque
1891 1101 1986 1177 plenum
2062 1103 2063 1122 .

1255 1188 1376 1246 deorum
1391 1201 1616 1266 contemptorem
1629 1188 1765 1263 Iovisque
1779 1188 1897 1264 imperio
1907 1188 1988 1245 adrer-

1255 1288 1363 1334 santem
1373 1296 1480 1352 suaque
1493 1276 1705 1334 immortalitate
1719 1274 1834 1347 fretum,
1849 1294 1925 1351 quem
1932 1281 1988 1333 Pro·
2063 1305 2064 1324 ι

1255 1363 1369 1422 metheo
1386 1364 1489 1421 Vincto
1501 1364 1650 1441 expressit.
1677 1364 1730 1420 Illa
1746 1363 1835 1419 animi
1853 1362 1930 1419 elatio
1939 1363 1988 1438 jam
2063 1359 2064 1368 ’

1255 1453 1328 1510 flexa
1352 1464 1395 1509 est
1425 1452 1536 1509 infinito
1563 1464 1710 1527 tempore,
1734 1470 1794 1525 quo
1820 1450 1989 1508 intolerabiles

1254 1559 1394 1597 erumnas
1403 1540 1545 1610 toleravit,
1558 1539 1681 1616 aquilam
1689 1539 1771 1597 loris
1780 1536 1987 1614 quotidiejeron

1254 1646 1307 1684 suo
1321 1638 1350 1683 et
1361 1628 1499 1703 sanguine
1509 1627 1598 1697 aluit,
1615 1645 1765 1703 novosque
1777 1626 1808 1682 in
1821 1626 1881 1683 dies
1894 1624 1988 1683 dolores

1254 1716 1380 1792 suscepit
1394 1718 1521 1773 Caucaso
1538 1714 1649 1772 affixus.
1673 1718 1736 1771 Iam
1753 1732 1822 1770 vero
1838 1714 1919 1771 instat
1929 1726 1988 1769 ιειιι-

1254 1821 1319 1878 pus,
1332 1822 1392 1877 quo
1407 1803 1608 1859 relevationem
1630 1802 1768 1858 malorum
1784 1801 1934 1877 adepturus
1944 1812 1989 1869 est,

1254 1887 1373 1964 pristina
1388 1889 1527 1965 praeteriit
1540 1888 1731 1958 contumacia,
1747 1888 1824 1944 vires
1836 1888 1926 1945 fractae
1936 1898 1989 1943 sunt

1254 1975 1429 2046 obstinacia,
1444 1978 1568 2054 quietem
1578 1976 1728 2035 desiderat.
1737 1974 1989 2053 Appropinqoathe

1255 2083 1316 2138 ros,
1334 2066 1384 2141 qui
1400 2078 1493 2123 morte
1507 2086 1561 2142 pro
1575 2065 1746 2123 Prometheo
1762 2062 1908 2121 subeunda
1921 2063 1989 2119 finem

1254 2153 1392 2210 malorum
1406 2173 1443 2211 ex
1455 2154 1514 2211 fato
1525 2153 1617 2211 affert.

1293 2240 1472 2299 Desideranti
1481 2259 1670 2299 aerumnarum
1683 2240 1767 2296 baem
1777 2238 1941 2296 Prometheo
1950 2234 1990 2293 ad-
2067 2265 2068 2276 ν

1253 2339 1320 2383 sunt
1334 2328 1466 2401 Titanes,
1482 2328 1533 2405 qui
1550 2347 1652 2404 magna
1673 2340 1813 2385 terrarum
1828 2338 1907 2403 parte
1921 2344 1990 2401 pon·

1252 2426 1333 2490 grata
1355 2415 1392 2473 ad
1411 2420 1567 2473 Caucasum
1589 2414 1775 2492 perveniunt,
1798 2426 1830 2470 nt
1853 2413 1991 2470 cruciatum

1253 2501 1341 2558 vincti
1353 2516 1382 2559 et
1395 2504 1497 2579 aquilae
1511 2502 1656 2561 morsibus
1670 2503 1767 2560 laniati
1785 2502 1880 2558 fratris
1892 2499 1992 2557 rideant
2068 2503 2069 2548 ζ

1252 2607 1376 2664 eumque
1388 2591 1581 2647 consolentur.
1597 2588 1764 2666 Tragoediae‚
1779 2585 1992 2657 utvidetnr,ini-

1252 2677 1322 2735 tium
1336 2678 1478 2751 fecerunt,
1497 2692 1528 2736 ιιι
1539 2692 1582 2737 est
1596 2677 1674 2755 apud
1684 2679 1838 2739 Arrianum
1851 2678 1880 2734 in
1893 2674 1992 2751 Periple

1250 2765 1334 2822 Ponti
1347 2768 1418 2823 Eux.
1441 2786 1470 2841 p.
1490 2786 1547 2841 19:
1562 2764 1657 2825 Καίτοι
1675 2764 1805 2841 Αἰογύλος
1826 2767 1853 2822 ἐν
1871 2765 1992 2843 Πριμιθῑῖ

1249 2849 1368 2933 λυομένιρ
1379 2852 1423 2911 τὸν
1435 2854 1522 2912 Φᾶσιν
1534 2850 1593 2933 όρον
1604 2856 1652 2926 τῆς
1667 2851 1796 2932 Εὐρώπης
1809 2851 1854 2911 καὶ
1862 2856 1909 2921 τῆς
1917 2847 1992 2914 ’λεῖος

1249 2946 1326 2997 ποιεῖ.
1341 2938 1454 3019 Λέγουσι
1464 2945 1525 3019 γοῦν
1533 2942 1603 3021 αὐτῷ
1613 2940 1637 2998 οὐ
1651 2941 1759 3005 Τιτᾶνες
1769 2940 1832 3021 πρὸς
1843 2937 1885 2997 τόν
1897 2940 1994 3017 ilpran-

1249 3023 1312 3099 θέα,
1326 3024 1366 3085 ότι

1302 3200 1363 3287 [οι]
1381 3185 1502 3292 Πκομιν

1299 3316 1370 3393 τούς
1384 3316 1450 3392 σούς
1469 3310 1577 3391 οἷθλους
1595 3305 1722 3394 τοόσδε,
1738 3313 1918 3404 Προμηθεῦ,

1299 3420 1410 3520 δεσμοῦ
1424 3453 1458 3494 τε
1478 3427 1574 3506 πάθος
1592 3419 1659 3492 τόδ’
1676 3423 1872 3517 ἐποψόμενοι·

1246 3579 1336 3640 όπιιτο
1348 3579 1546 3660 καταλέγουσιν,
1562 3578 1626 3653 όσην
1636 3578 1726 3661 χώραν
1740 3581 1852 3650 ἐπῆλθον
1864 3599 1872 3612 ·

1297 3750 1345 3840 Τῇ
1364 3749 1417 3838 μὲν
1433 3739 1561 3838 δίδυμον
1579 3748 1685 3838 χθονὸς
1701 3749 1850 3837 Εὐρώπης

1298 3865 1391 3955 μέγαν
1409 3851 1461 3936 ἡδ’
1481 3849 1575 3939 haiae
1594 3862 1724 3952 τέρμονα
1738 3865 1846 3928 Φᾶσιν.

1285 4047 1359 4101 Τιιιιι
1373 4044 1489 4100 Titanes
1511 4041 1705 4119 explicantes,
1729 4051 1852 4117 quantos
1867 4050 1996 4098 terrarum

1245 4145 1352 4192 tractus
1371 4132 1565 4210 peragrarint,
1580 4152 1614 4190 ea
1628 4130 1762 4189 videntur
1774 4128 1931 4196 addidisse,
1944 4145 1999 4203 qua

1243 4221 1356 4280 Strabo
1375 4220 1500 4277 servarit
1519 4224 1548 4291 1,
1567 4240 1596 4296 p.
1618 4219 1655 4276 33
1673 4239 1681 4274 z
1696 4215 1776 4276 Οὕτω
1791 4214 1826 4273 ab
1840 4211 1999 4294 μεοςμόρινλ

345 4343 347 4351 ,
438 4289 581 4348 Wixenim
594 4293 671 4352 credi
682 4308 776 4371 potest
787 4298 888 4378 (verba
897 4304 1135 4381 suntllermanni)
1143 4304 1200 4364 hoc
1243 4305 1330 4366 πάντα
1343 4305 1481 4368 Αἰθιοπίαν
1497 4307 1632 4364 καλεῖσθαι
1650 4304 1684 4364 τὰ
1702 4302 1766 4384 πρὸς
1780 4301 1911 4382 Ὠκεανῷ.
1926 4305 2000 4378 Περ·

442 4377 551 4436 Attium
563 4383 692 4458 posuisse
700 4402 754 4461 pro
764 4386 860 4445 verbis
868 4407 969 4466 parum
979 4389 1131 4472 similibus,
1139 4413 1200 4471 quac

441 4465 518 4540 apud
531 4467 697 4545 AEschylnm
711 4485 777 4530 sunt
793 4493 818 4532 v.
835 4487 1008 4552 17aut992.

1243 4403 1316 4476 τυριῖ
1329 4392 1363 4453 rb
1384 4391 1539 4452 τοιαῦτα·ό
1557 4416 1586 4451 τε
1601 4391 1653 4474 γθρ
1674 4392 1804 4470 Αἰσγύλος
1824 4393 1852 4448 ἐν
1871 4393 2001 4470 Προμηθεῖ

1220 4486 1281 4563 νεῷ
1293 4481 1412 4562 λυομένῳ
1428 4481 1507 4562 φησὶν
1520 4479 1600 4542 οὕτω·

440 4625 2005 4662 —--—-—--.-...-............-—--.

797 4743 844 4794 63.

445 4865 566 4934 Iacens,
588 4865 635 4922 ubi
654 4881 724 4940 opus
744 4877 799 4937 est,
821 4877 849 4926 et
862 4869 955 4928 diceas
972 4887 1033 4946 quae
1046 4878 1206 5024 temppstiva

1129 4965 1203 5012 sunl.

800 5069 847 5120 64.

481 5192 567 5246 Recta
584 5188 636 5247 hae
649 5191 692 5248 via
706 5192 817 5264 incede3
833 5205 861 5252 et
874 5195 993 5268 prImnm
1006 5197 1116 5270 quidem

479 5269 515 5328 ad
528 5271 872 5346 primumprimuim,
886 5279 933 5334 nbi
946 5295 1021 5347 cave,

482 5365 516 5406 ne
525 5349 661 5408 tumultus
674 5349 791 5410 deruens
804 5361 830 5410 te
841 5356 959 5429 abripiat

482 5436 665 5500 tempestuoso
676 5429 786 5488 turbIne
800 5432 891 5492 subito
905 5444 933 5493 te
945 5445 1112 5494 convertens.

1282 4835 1378 4892 Multis
1387 4836 1461 4892 enim
1471 4760 1638 4892 mortalibiii
1645 4831 1784 4890 silentium
1794 4831 1901 4886 Inemm
1912 4829 2004 4886 altat.

1602 4924 1650 4976 66.

1319 4994 1452 5050 Venimus

1316 5072 1366 5128 has
1381 5081 1443 5128 tuas
1458 5086 1613 5139 aerumnae,
1632 5067 1810 5136 Prometheo,

1314 5151 1538 5222 vinculommque
1551 5149 1622 5206 hanc
1631 5150 1816 5206 calamitatem
1822 5146 1920 5203 usuri.

1243 5235 1411 5312 asnerias:

1317 5357 1379 5412 IIuc
1389 5355 1424 5412 atl
1437 5355 1574 5428 duplIcem
1588 5359 1704 5428 Europae

1317 5443 1345 5492 et
1357 5435 1431 5492 Asiae
1442 5449 1572 5506 magnum
1587 5434 1746 5506 terminum,
1761 5435 1872 5493 Phasin.
