4567 6425
805 692 978 753 AEscttrtt
1000 690 1246 752 FRAGMENTA.
1765 705 1821 756 tus

271 830 346 907 colligi
359 840 463 907 potest,
481 839 659 886 nominatum
674 846 739 885 eum
754 838 880 884 montem
895 826 924 883 in
936 824 1014 901 lgui-
1057 844 1113 901 que
1124 824 1216 900 major
1228 822 1403 895 homiuibus,
1414 843 1450 882 ex
1461 823 1601 882 sententia
1612 824 1778 883 Graecorum
1789 827 1821 885 il·

273 922 317 977 loro
328 917 495 976 Prometheo
506 936 576 975 esse.
600 920 668 973 Haec
682 918 881 985 Hermaouus,
902 912 1014 990 adquae
1058 915 1092 971 lis
1112 911 1308 990 temporibus,
1330 911 1452 989 quibus,
1479 931 1544 989 quae
1563 924 1664 989 postea
1680 914 1710 971 in
1730 915 1820 975 vitam

272 1008 323 1063 aldi
334 1018 437 1083 potest,
449 1006 668 1075 Prometheum,
680 1004 705 1061 si
717 1003 746 1061 in
759 1003 884 1081 lgnilero
900 1002 1012 1059 vinctus
1057 1019 1199 1076 usumque
1208 999 1372 1058 mortalium
1379 1000 1545 1058 introducta
1555 1002 1624 1074 siut,
1639 1002 1820 1081 oriebantur,

275 1096 321 1163 luit,
333 1094 495 1169 insequenti
504 1092 600 1151 sabula
609 1091 714 1150 vinciri
723 1110 904 1148 necessenon
917 1089 1012 1147 luisse.
1057 1086 1263 1146 adscribendus
1277 1088 1339 1145 luit.
1356 1092 1400 1145 Ea
1413 1088 1491 1145 dere
1503 1088 1614 1165 antiqui
1629 1090 1763 1149 Titanum
1776 1094 1820 1151 la-

302 1180 348 1237 ted
360 1180 507 1238 audiamus
519 1200 607 1258 porro
619 1184 822 1239 Hermannum.
844 1183 882 1236 At
897 1198 932 1235 ue
957 1182 1013 1235 So·
1058 1173 1396 1247 bulamcommeutisunt,
1407 1196 1463 1252 qua
1473 1178 1659 1256 rerumorigo
1669 1180 1820 1242 iudicatur.

276 1270 347 1325 lutum
362 1268 490 1345 quidem,
502 1268 604 1345 inquit,
618 1267 818 1325 Prometheum
832 1278 864 1324 ot
879 1286 935 1323 una
948 1284 1012 1323 cum
1096 1264 1233 1321 Titanum
1247 1282 1336 1339 genus
1347 1265 1484 1340 pervicax
1495 1276 1578 1342 pater
1591 1286 1681 1342 quum
1690 1281 1764 1325 esset
1775 1291 1821 1327 ex-

277 1356 361 1413 tincto
370 1358 399 1411 in
411 1374 523 1412 scenam
539 1353 713 1432 productum
726 1353 886 1425 credamus,
901 1372 948 1410 eas
960 1350 1014 1409 ha·
1057 1362 1194 1424 sectatus,
1207 1350 1320 1428 Jupiter
1332 1351 1357 1409 is
1373 1363 1431 1424 est,
1447 1352 1497 1428 qui
1510 1352 1582 1410 Coeli
1593 1356 1819 1415 exsecrationem

277 1444 357 1499 lienus
379 1444 522 1515 rationes,
544 1463 610 1521 quae
631 1442 810 1500 dubitatione
829 1461 927 1499 vacuae
946 1441 1011 1498 sint.
1058 1441 1236 1516 exsequitur.
1252 1439 1422 1499 calamitate
1439 1440 1606 1499 imminente
1621 1444 1820 1514 Prometheus,

277 1536 326 1589 llrc
339 1531 392 1592 ille.
409 1538 449 1589 hc
461 1532 484 1589 si
502 1544 568 1589 sunt
582 1531 712 1610 quaedam
726 1532 756 1589 in
769 1529 1013 1589 PrometheoVin-
1057 1528 1203 1586 Themidis
1212 1547 1346 1606 praesagae
1358 1528 1443 1600 itlius,
1458 1529 1575 1586 Titanes
1585 1544 1692 1601 munet,
1710 1543 1742 1588 ut
1751 1553 1820 1610 per-

277 1634 312 1675 rto
321 1634 444 1697 reperta,
462 1640 527 1697 quae
538 1621 663 1697 aliquam
675 1619 875 1698 tragaediarum
887 1616 1012 1694 conjun-
1057 1618 1161 1675 niciem
1174 1630 1301 1675 caveant.
1317 1617 1354 1675 Hi
1365 1638 1423 1693 qua
1443 1630 1525 1675 erant
1538 1618 1626 1676 animi
1640 1622 1820 1679 contumacia

278 1708 379 1763 ctionem
398 1706 538 1775 indicent,
560 1718 655 1765 umen
673 1726 731 1764 non
750 1719 818 1763 sunt
830 1705 970 1782 ejusmodi
982 1715 1015 1761 ut
1057 1726 1116 1763 uon
1137 1704 1259 1763 audiunt
1280 1725 1374 1781 neque
1397 1703 1576 1782 sapientibus
1599 1705 1675 1764 illius
1696 1708 1821 1766 consiliis

279 1798 316 1853 ista
326 1798 380 1853 alio
394 1796 478 1853 inodo
490 1796 547 1855 diei
564 1817 621 1854 non
637 1796 794 1875 potuerint,
805 1797 849 1853 vel
865 1797 949 1855 etiam
962 1814 1015 1853 ne·
1058 1793 1270 1871 obtemperant.
1284 1792 1399 1865 Quibus
1409 1814 1497 1871 quum
1506 1794 1692 1852 Prometheus
1702 1796 1820 1854 meliora

279 1886 380 1941 cunno
396 1884 596 1961 requirantur,
613 1896 644 1942 nt
660 1904 725 1961 quae
737 1882 774 1941 ad
788 1884 946 1960 argumenti
961 1902 1014 1941 ex·
1059 1881 1233 1960 persuadere
1253 1893 1397 1958 nequeat,
1417 1880 1454 1938 ad
1466 1886 1568 1939 lovem
1584 1901 1614 1939 se
1634 1881 1764 1956 coolcrt,
1788 1896 1822 1941 ut

280 1974 426 2045 lusitionem
439 1974 600 2049 pertineant
611 1972 841 2049 atqueaeraecis
853 1971 1015 2029 desideren-
1058 1969 1137 2027 hunc
1151 1990 1184 2027 re
1197 1981 1226 2028 et
1239 1968 1359 2026 consilio
1373 1967 1499 2044 adjuvet
1515 1974 1615 2047 Pugna
1625 1968 1730 2028 deinde
1738 1990 1820 2029 com-

281 2072 320 2113 tur.
329 2058 511 2117 liberationis
518 2059 680 2117 Promethei
688 2060 796 2117 mentio
807 2058 935 2117 socienda
943 2070 1014 2129 erat,
1059 2065 1145 2123 inissa
1156 2064 1273 2123 Titanes
1284 2063 1353 2121 victi
1364 2065 1395 2121 iu
1404 2068 1554 2121 Tartarum
1566 2063 1747 2141 dejiciuntur.
1761 2071 1821 2125 Ne-

281 2166 306 2203 ne
318 2148 343 2204 lo
354 2147 458 2205 inutilis
472 2160 546 2207 esset
562 2166 704 2224 persona,
722 2147 858 2224 quoniam
879 2166 915 2204 ex
930 2146 1015 2224 hujus
1059 2172 1115 2229 que
1134 2171 1203 2210 vero
1214 2162 1366 2210 contentus
1380 2163 1424 2209 est
1436 2152 1551 2228 Jupiter
1562 2152 1621 2210 hac
1630 2152 1761 2225 victoria,
1770 2154 1821 2212 sed

281 2238 381 2310 posteris
399 2236 422 2293 is
441 2248 502 2293 erat
520 2236 665 2303 oriturus,
687 2237 739 2312 qui
757 2236 958 2294 Prometheum
977 2234 1015 2293 ab
1058 2240 1190 2299 homines
1207 2241 1292 2298 etiam
1304 2241 1367 2297 vult
1378 2239 1508 2317 perdere.
1523 2240 1711 2298 Prometheus
1724 2255 1821 2300 autem

282 2324 391 2381 entonis
405 2322 555 2394 liberaret3
575 2323 654 2381 Jovis
670 2322 836 2401 conjugium
850 2324 944 2381 omitti
957 2343 1015 2381 non
1059 2327 1255 2385 misericordia
1272 2328 1384 2404 generis
1403 2327 1523 2385 humani
1538 2341 1700 2387 commotus
1719 2329 1821 2406 etjam

282 2414 373 2485 pouit,
387 2424 417 2468 ut
429 2424 602 2489 spectatores
616 2409 726 2487 justum
742 2411 845 2469 fabulae
858 2411 941 2469 linem
955 2430 1016 2469 esse
1060 2415 1165 2473 timens
1175 2415 1247 2472 iram
1257 2415 1347 2486 Jovis,
1359 2414 1493 2471 mortales
1500 2434 1530 2471 se
1539 2428 1719 2474 servaturum
1727 2417 1822 2476 decer·

283 2498 361 2555 scirem
372 2540 381 2567 ‚
394 2499 503 2556 etiarmi
516 2498 571 2555 ida
583 2509 669 2574 poeta
683 2518 742 2557 uon
755 2511 829 2557 esset
842 2499 1014 2576 expositum·
1059 2503 1112 2561 nit.
1127 2508 1229 2580 Neque
1240 2501 1336 2559 bonus
1351 2520 1497 2559 successus
1509 2503 1538 2560 in
1549 2522 1600 2577 eo,
1615 2504 1694 2579 quod
1706 2526 1823 2583 aggres-

283 2586 385 2660 lltquod
394 2586 610 2644 aitSeholiastes
623 2586 719 2644 Vincti
728 2586 764 2643 ad
776 2606 803 2643 v.
818 2588 873 2644 510
889 2586 956 2645 ιἘν
965 2584 1015 2665 γὰρ
1059 2609 1107 2647 sus
1116 2602 1169 2661 est,
1179 2590 1206 2647 ei
1213 2587 1315 2647 deluit.
1330 2588 1467 2646 Atmiseri
1478 2602 1546 2645 suut
1558 2589 1698 2665 homines,
1708 2592 1821 2670 inopes,

283 2672 365 2749 ιῷῐξῆς
376 2672 487 2753 δράματι
499 2672 606 2733 λύεται·
621 2670 686 2755 ὅπερ
699 2673 818 2756 lpqnloct
830 2672 969 2753 Αἰσχύλος,
988 2675 1016 2732 id
1060 2678 1121 2735 sine
1130 2677 1253 2749 viribus,
1269 2676 1331 2735 sine
1341 2677 1537 2734 instrumentis
1549 2678 1616 2735 vitae
1625 2692 1653 2737 et
1664 2678 1822 2755 industriae,

284 2776 326 2815 uon
336 2774 446 2831 constat,
458 2774 555 2819 utrum
567 2761 604 2819 ad
616 2775 782 2839 sequentem
796 2763 916 2840 trilogiae
932 2760 1016 2820 sabu-
1060 2766 1120 2824 sine
1134 2764 1262 2837 artibus,
1282 2765 1343 2822 sine
1355 2763 1528 2832 virtutibus,
1543 2765 1652 2825 morbis
1666 2768 1822 2845 multisque

284 2844 325 2901 lacu
335 2850 482 2923 pertineat,
495 2870 531 2907 an
544 2848 581 2907 ad
600 2849 780 2927 tragaediam,
794 2869 858 2926 quae
875 2850 904 2907 in
917 2850 1016 2908 codice
1060 2854 1141 2911 malis
1150 2851 1278 2910 obnoxii.
1289 2852 1401 2927 Quibus
1407 2864 1440 2910 ut
1449 2852 1551 2910 melior
1559 2872 1621 2911 sors
1633 2854 1822 2913 fortunatior-

285 2936 456 2994 Pronetheurn
467 2938 602 2995 Vinctum
614 2936 785 3015 excipiebat.
802 2938 839 2997 Et
852 2938 948 3014 potuit
960 2938 1017 2995 hoe
1060 2962 1117 3018 que
1129 2942 1190 2999 rita
1201 2941 1389 3017 contingeret,
1404 2941 1591 2999 Prometheus
1604 2942 1719 2999 aetheria
1734 2942 1822 3001 domo

285 3022 542 3099 dioereScboliastes,
555 3028 579 3086 si
587 3026 877 3104 conjunctasvidebat
890 3027 1016 3100 sabulas3
1060 3041 1224 3106 surreptum
1236 3029 1383 3105 l'erulaque
1392 3029 1533 3087 inclusum
1547 3030 1642 3107 iguem
1652 3031 1823 3091 mortalibus

286 3124 306 3165 at
316 3132 344 3169 et
355 3134 385 3172 to
397 3136 453 3173 non
464 3116 652 3193 consequitur
667 3116 778 3194 trilogia
791 3115 959 3192 conjunctas
970 3136 1017 3175 eas
1060 3116 1166 3174 divisit.
1178 3117 1250 3174 lude
1260 3131 1323 3174 orta
1336 3136 1438 3193 magna
1450 3117 1586 3175 beneficia
1594 3118 1779 3189 hominibus;
1792 3135 1823 3179 at

286 3198 359 3260 luisse.
370 3204 503 3276 ammte,
523 3203 604 3282 quod
620 3204 743 3262 maxima
756 3204 906 3283 scripturae
918 3203 1017 3263 diver·
1059 3205 1193 3264 irascitur
1202 3204 1317 3282 Jupiter
1330 3205 1416 3283 hujus
1424 3205 1550 3264 muneris
1559 3226 1645 3264 causa
1651 3208 1823 3268 Prometheo

285 3288 337 3344 titas
347 3291 372 3347 in
384 3291 528 3350 codicibus
547 3293 599 3350 illo
612 3292 676 3350 loco
688 3293 831 3370 reperitur
844 3293 906 3350 aliis
926 3293 1017 3352 verba
1060 3295 1198 3371 cupitque
1211 3293 1306 3352 delere
1317 3313 1382 3370 quae
1393 3292 1431 3350 ab
1442 3293 1498 3351 hoe
1510 3294 1638 3352 humano
1651 3296 1750 3373 generi
1760 3317 1824 3355 con·

285 3377 462 3450 onitteotibus,
474 3381 537 3438 aliis
546 3381 628 3438 varie
639 3381 746 3459 scripta
759 3380 958 3440 referentibus.
1061 3383 1195 3460 tigeruut,
1205 3382 1359 3458 ipsumque
1371 3394 1520 3439 attererem
1531 3382 1640 3446 ulcisci.
1657 3387 1756 3462 Neque
1768 3387 1823 3444 im-

316 3469 475 3527 Praeteroeert
486 3469 651 3548 fragmentis
660 3471 804 3548 colligitur
813 3483 920 3530 tantam
930 3471 1017 3530 luisse
1060 3470 1194 3549 punitum
1206 3469 1291 3546 hujus
1304 3468 1415 3526 facinus
1426 3471 1540 3528 mansit.

285 3549 381 3614 duarum
394 3555 554 3616 fabularum
569 3557 796 3632 similitudinem,
810 3571 841 3616 ut
851 3559 872 3616 si
888 3579 946 3616 una
958 3559 1015 3618 do·
1098 3562 1168 3616 Haec
1182 3555 1319 3614 ridentur
1330 3557 1360 3615 in
1371 3557 1542 3616 Prometheo
1554 3557 1681 3636 lgnil'ero
1689 3560 1824 3637 exposita

284 3653 323 3696 tta
333 3643 425 3703 luerim
444 3646 608 3724 tragoediae,
626 3645 741 3704 taedium
755 3666 814 3704 non
828 3667 944 3706 movere
957 3667 1017 3706 non
1059 3664 1129 3704 esse.
1145 3649 1254 3718 scena,
1269 3644 1448 3716 occidetur,
1463 3649 1588 3704 Lemnos
1609 3647 1680 3716 luit,
1698 3645 1748 3706 ubi
1760 3661 1823 3706 erat

286 3733 415 3804 nitenti.
438 3733 548 3793 Deinde
558 3747 672 3811 tempus
681 3780 690 3808 ‚
712 3735 759 3793 cui
777 3735 911 3794 Vinctum
931 3748 1017 3813 poeta
1060 3752 1142 3791 mous
1156 3733 1318 3810 ignivomus
1330 3732 1505 3809 Mosychlos,
1518 3734 1610 3803 uode,
1622 3746 1655 3791 ut
1666 3735 1824 3809 uitAttius,

284 3819 423 3894 assignavit,
441 3821 479 3881 ab
492 3823 561 3892 illo,
582 3841 642 3900 quo
657 3821 794 3882 liberatus
806 3824 877 3896 luit,
895 3824 1016 3883 nimium
1060 3821 1159 3898 cignis
1169 3821 1245 3880 cluet
1254 3820 1456 3880 immortalibu'
1470 3820 1546 3879 divis
1557 3821 1625 3878 olim
1637 3820 1733 3878 doctu’
1747 3827 1821 3880 Pro-

284 3903 360 3980 disut,
371 3922 401 3966 nt
413 3923 588 3988 spectatores
600 3929 635 3968 eo
646 3912 740 3969 minus
750 3911 899 3988 potuerint
912 3911 1016 3990 decipi,
1060 3908 1189 3966 metheus
1207 3908 1327 3987 clepisse
1345 3906 1413 3966 ‹lolo
1433 3927 1588 3986 poenasque
1604 3907 1671 3966 tovi
1691 3908 1751 3967 sato
1767 3928 1822 3967 ex-

287 3995 348 4066 quod
355 4008 469 4076 ternpus,
476 4019 536 4076 quo
545 3999 731 4058 Prometheus
742 3998 909 4059 liberandus
919 4001 1015 4074 luerit,
1059 3996 1193 4073 pendisse
1205 4015 1350 4075 supremo.
1361 4022 1374 4047 ι
1385 3996 1438 4054 Hic
1449 3996 1570 4054 Vulcani
1579 3995 1723 4053 caminum
1735 3996 1823 4057 luisse

286 4079 342 4138 iuer
352 4088 501 4165 precipuas
515 4106 561 4146 res
571 4087 752 4165 pertinuerit.
772 4093 877 4147 Verum
889 4089 955 4149 huic
968 4109 1017 4148 ai·-
1060 4097 1171 4142 veteres
1182 4083 1367 4142 crediderunt
1385 4082 1529 4161 hujusque
1547 4084 1712 4160 ministros,
1733 4083 1817 4142 Cabi-

283 4185 396 4240 tanente
407 4195 462 4233 non
470 4175 545 4234 adeo
555 4177 676 4234 multum
687 4173 1015 4257 tribueritn,quiaigno-
1060 4190 1116 4242 ros,
1126 4173 1193 4230 J0Vi
1202 4172 1322 4230 fulmina
1332 4169 1488 4230 labri⁰²l⁰⁵
1501 4189 1572 4240 ΜΒ·
1588 4172 1676 4249 Apud
1688 4172 1823 4230 11051)ῐο-

283 4273 367 4326 nfflts.
383 4281 439 4338 quo
453 4263 482 4320 id
496 4264 621 4322 artificio
635 4265 691 4342 tegi
704 4265 840 4341 potuerit.
1060 4258 1191 4317 metheus
1212 4279 1297 4318 usum
1320 4258 1394 4336 ignis
1414 4258 1528 4315 uarium
1549 4277 1740 4336 magnamque
1761 4260 1822 4317 vim

313 4345 359 4402 Sed
368 4348 444 4408 locus
452 4351 538 4410 etiam
547 4351 577 4410 in
588 4349 797 4410 dubitationem
804 4352 951 4411 vocandus
963 4367 1015 4412 est.
1059 4349 1204 4426 cognovit.
1232 4350 1289 4422 Qui
1309 4347 1431 4407 chorum
1445 4348 1665 4421 constituerint,
1679 4367 1737 4406 non
1748 4369 1823 4407 con·

282 4433 306 4484 lo
319 4435 396 4494 altera
412 4441 487 4497 enirn
506 4440 646 4518 tragoedia
659 4442 860 4500 Prometheum
875 4455 960 4520 poeta
979 4443 1015 4501 ad
1059 4449 1123 4496 stat.
1144 4443 1252 4497 Putant
1276 4450 1372 4496 umen
1396 4436 1515 4497 Cabirus
1536 4438 1632 4498 luisse.
1655 4439 1823 4498 Welclterus

280 4521 415 4584 &uenum
427 4529 673 4606 alligatumlingiu
686 4529 715 4587 in
729 4529 939 4590 Vinctoautem
952 4551 1015 4590 nus·
1059 4528 1133 4606 iguis
1155 4530 1263 4587 lurtum
1283 4528 1314 4586 in
1335 4547 1421 4587 scena
1438 4529 1624 4587 commissum
1644 4549 1706 4588 esse
1729 4543 1822 4608 putat,

280 4611 459 4680 quandicitur
472 4621 629 4688 Caucasus,
648 4635 706 4694 quo
715 4617 902 4676 Prometheus
912 4619 1013 4696 alliga·
1059 4615 1089 4673 id
1103 4616 1182 4694 quod
1196 4615 1348 4694 probabile
1359 4635 1422 4674 esse
1435 4637 1494 4675 non
1506 4616 1632 4676 ridetur.

281 4705 317 4752 ¹¹⁵
326 4699 365 4767 sit,
376 4703 422 4760 sed
436 4705 519 4762 etiam
536 4705 632 4762 locum
647 4705 726 4765 illum
740 4725 758 4764 a
772 4709 899 4767 Caucaso
914 4708 1013 4784 procul
1097 4704 1175 4782 Ignis
1192 4724 1276 4763 usum
1295 4703 1406 4783 primus
1419 4717 1556 4782 expertus
1569 4717 1613 4764 est
1623 4705 1821 4780 Prometheus,

279 4803 329 4842 rsse
345 4789 446 4849 indicat
458 4814 486 4851 v.
502 4815 512 4850 r
528 4807 558 4852 et
572 4795 625 4852 301
640 4808 669 4853 et
681 4805 738 4864 aaa
750 4809 780 4854 et
792 4797 858 4868 718.
880 4796 937 4857 Sed
952 4797 1012 4872 jam
1059 4791 1109 4868 qui
1123 4793 1185 4867 ejus
1194 4811 1251 4870 ope
1273 4793 1398 4870 primum
1413 4793 1496 4850 linxit
1508 4793 1724 4852 artificiumlta
1744 4799 1821 4852 Pan—

278 4871 383 4952 singola
393 4881 540 4941 rideamus
551 4884 711 4961 tragoedias,
1058 4878 1128 4936 doro
1141 4891 1205 4937 orta
1219 4892 1264 4938 est
1279 4879 1366 4959 (apud
1378 4880 1511 4940 Proclum
1525 4892 1563 4940 ad
1575 4881 1693 4942 Hesiod.
1704 4902 1734 4940 r.
1753 4883 1820 4956 176,

577 5013 687 5030 -...-
1080 5011 1086 5024 .
1123 4967 1140 5023 6
1166 5009 1177 5036 ,

399 5075 668 5145 tousuratus
690 5079 870 5144 IGNIFER.
1058 4976 1121 5146 llll
1136 4967 1202 5134 lot
1210 5067 1432 5141 πηλοπλᾶστου
1444 5072 1619 5162 σπέρματος
1628 5070 1722 5143 θνητὴ
1732 5072 1820 5161 γυνή·

306 5173 479 5238 Prometheus
490 5195 557 5240 ortu
568 5183 650 5261 prior
659 5201 764 5261 genere
780 5181 906 5241 humano
926 5183 1011 5242 ideo·
1059 5185 1173 5245 Deinde
1184 5200 1250 5245 orto
1263 5207 1367 5265 genere
1378 5187 1507 5247 humano
1516 5189 1703 5248 Prometheus
1714 5188 1822 5248 docens

279 5307 1819 5346 Ἣ

718 5482 841 5540 Mortalis
852 5498 884 5539 ex
895 5482 946 5540 luti
960 5416 1063 5540 schalde
1077 5484 1147 5540 lacta
1163 5486 1273 5543 mulier.
