4567 6425
775 698 983 765 soruoutts
1002 694 1252 755 euasurum.

263 843 362 899 diuersa
384 839 521 915 mgouiae
544 858 580 895 an
602 836 729 914 ejusdem
764 830 908 911 tragoediae
931 829 990 885 duo

264 930 366 986 numina.
381 926 519 985 Credibile
539 937 634 984 tamen
651 936 693 981 est
708 920 834 996 σύλλογον
846 919 990 976 diversum

265 1020 357 1077 luisset
369 1016 513 1095 συνδείπνῳ.
533 1021 571 1073 Ar
592 1017 615 1073 si
631 1014 752 1072 diverse
767 1009 912 1085 tragoediae
927 1006 988 1063 fue-

265 1118 326 1177 um,
337 1105 412 1162 valde
423 1106 559 1162 incertum
574 1116 626 1173 est,
638 1120 696 1178 quo
709 1101 740 1157 in
755 1100 819 1155 loeo
835 1108 992 1155 conventus

267 1194 412 1268 Argiuorum
432 1192 521 1249 factus
542 1192 588 1249 sit.
613 1194 685 1247 Sunt
707 1189 757 1266 qui
780 1199 861 1263 rapta
884 1184 990 1242 Helena

265 1281 315 1335 illos
329 1302 342 1336 a
357 1280 502 1356 Tyndareo
519 1277 749 1335 Lacedaemonem
769 1285 904 1332 evocatos
927 1290 992 1348 per·

266 1367 370 1437 libeant,
382 1380 412 1424 ut
423 1368 495 1425 iuter
507 1386 538 1423 se
549 1366 756 1432 consultarent,
775 1359 920 1438 quomodo
939 1364 993 1416 lle·

266 1455 340 1510 leoam
351 1467 553 1531 recuperarent.
564 1458 631 1510 llaec
641 1452 781 1509 sententia
795 1468 888 1505 veroa
897 1462 993 1505 vetere

268 1541 400 1597 fabularum
424 1542 559 1599 memoria
591 1558 708 1617 prorsus
739 1537 875 1594 abhorret
900 1554 993 1611 neque

268 1627 399 1703 quidquam
411 1628 572 1704 accepimus
586 1627 622 1683 de
632 1625 772 1703 ejusmodi
783 1636 937 1693 conventu,
949 1641 995 1678 ue

267 1716 365 1789 queluit
379 1716 486 1773 illorum
506 1714 652 1772 bominum
675 1717 845 1780 consultare,
866 1709 915 1767 ubi
933 1724 994 1767 stu-

268 1802 305 1857 tim
328 1803 455 1879 agendum
478 1804 543 1859 fuit.
568 1806 670 1878 Neque
686 1802 745 1859 ulla
768 1800 823 1857 fuit
841 1798 993 1871 dubitatio,

267 1888 321 1963 quin
338 1892 437 1947 Helena
458 1891 546 1948 armis
570 1903 644 1947 esset
662 1886 830 1965 repetenda,
853 1898 886 1941 ut
904 1906 994 1942 unus-

268 1976 364 2053 quisque
380 1979 488 2054 ineptus
509 1976 596 2035 fuerit
608 1990 638 2033 et
652 1974 803 2043 absurdus,
817 1974 865 2049 qui
879 1972 995 2029 consul-

269 2064 476 2141 tarit,autequaur
487 2065 585 2122 classis
602 2076 675 2122 esset
693 2072 871 2137 congregata
888 2055 994 2117 Habcri

269 2151 343 2225 potuit
355 2152 410 2209 hee
421 2154 522 2210 concio
541 2151 645 2211 Aulide
665 2174 672 2207 ε
691 2168 791 2207 verum
806 2168 844 2205 ne
857 2148 911 2205 boc
928 2148 995 2223 qui-

268 2234 318 2292 dem
341 2238 494 2316 fragmentis
520 2240 663 2297 convenit.
693 2243 793 2313 ltaque
817 2236 875 2293 sola
901 2236 994 2292 insula

268 2326 374 2383 Tenedos
390 2340 525 2397 remanet,
545 2326 645 2403 ibique
665 2326 824 2383 necessario
842 2324 996 2382 couvenie-

270 2410 323 2468 baut
333 2412 416 2485 duces,
430 2416 497 2493 quia
513 2434 571 2471 nou
594 2416 657 2471 sine
680 2414 810 2470 molestia
826 2411 996 2489 jacturaque

270 2518 291 2553 se
301 2520 351 2557 esse
361 2504 393 2559 ad
406 2516 510 2560 terram
525 2502 678 2581 Trojanam
690 2500 862 2579 appulsuros
879 2502 996 2557 oraculo

269 2586 343 2645 edocti
356 2603 440 2647 erant.

299 2682 485 2753 Argumentum
500 2676 625 2736 illustrat
636 2677 755 2735 Procius
767 2698 774 2733 :
788 2674 903 2735 Ἔπειτα
914 2698 997 2735 aeru-

270 2762 366 2821 πλέουσιν
378 2768 412 2829 τίς
423 2763 536 2824 Τένεδον
548 2764 593 2823 καί
611 2765 797 2844 εὐωχουμένων
811 2767 896 2823 αὐτῶν
911 2765 998 2822 Φιλο-

271 2849 347 2920 κτήτης
366 2853 406 2933 lq’
427 2852 505 2935 ὕδρου
533 2852 642 2930 πληγεὶς
664 2854 708 2911 διὰ
730 2851 778 2924 τὴν
802 2851 945 2927 δυσοσμίαν
970 2853 997 2909 ἐν

272 2937 350 3018 Λήμνῳ
368 2943 518 3023 κατελείφθη
543 2942 588 2999 καί
610 2938 740 3020 Ἀχιλλεὺς
765 2939 871 3019 ὕστερον
895 2938 998 3009 κληθείς

272 3024 393 3103 ξιιρίριτοι
409 3027 592 3106 Ἀγαμέμνονι.
607 3028 719 3102 Quibus
731 3026 809 3085 addit
829 3027 997 3084 Welcketus

273 3130 298 3165 ιι
310 3116 420 3172 tlouum.
434 3116 551 3174 llercul.
566 3115 680 3173 Volum.
692 3119 722 3173 P.
738 3120 751 3173 1
769 3116 884 3189 quouii
899 3116 995 3189 1824),

274 3217 294 3270 p.
302 3198 328 3255 51
338 3225 344 3256 :
353 3200 604 3284 [π]αραπιμρθίντες
613 3200 663 3260 iuri
673 3203 760 3280 [τ)ινος
767 3205 904 3269 ἑστιῶντος
910 3199 998 3280 ὥσπερ

274 3287 403 3362 lantifor<
421 3289 556 3370 Ἀχιλλεὺς
571 3290 641 3349 zarai
655 3314 682 3348 τι
694 3295 796 3350 τοιοῦτο
815 3290 994 3370 παρολιγοιρη-

273 3374 345 3448 liuta,
356 3379 422 3436 aiau
433 3375 655 3460 παραδυιηίίντες
668 3402 693 3436 ιι.
705 3401 730 3436 τ.
739 3380 765 3436 λ.
774 3383 848 3437 Sunt
862 3379 922 3435 baec
932 3397 999 3454 per·

272 3461 380 3534 ‘buum
391 3467 493 3541 quibus
507 3467 628 3524 fortasse
639 3467 689 3524 lux
701 3465 827 3543 quedam
840 3465 1000 3523 affrrnditur

273 3545 320 3602 luo
335 3555 485 3611 Aristotelis
499 3553 586 3610 raher.
599 3558 637 3626 11,
656 3555 713 3610 26:
730 3553 765 3612 Ei
775 3577 813 3618 τις
827 3552 892 3631 φαίη
910 3553 940 3611 τὸ
955 3551 998 3610 ἐπὶ

271 3632 351 3692 icimur
363 3641 485 3710 αληίῆναι
498 3639 666 3716 τιμιώτατον·
682 3637 724 3697 διὰ
737 3637 788 3720 γὰρ
801 3639 831 3697 τὸ
845 3642 972 3710 κληθῆναι
985 3645 1000 3698 ὁ

273 3718 382 3798 Ἀχιλλεὺς
401 3727 506 3804 ἐμήνισε
530 3737 583 3793 τοῖς
603 3728 717 3806 Ἀχαιοῖς
733 3730 759 3786 ἐν
771 3727 885 3807 Τενέδῳ·
901 3727 952 3784 ὁδ’
965 3731 999 3794 ὡς

272 3811 430 3890 ι’τιμιζόμενος
449 3816 569 3892 ἐμήνισε
591 3816 686 3888 συνέίη
707 3816 735 3874 di
754 3823 832 3875 τοῦτο
848 3815 892 3873 ἐπὶ
908 3821 947 3896 τῷ
961 3818 998 3894 μὴ

272 3899 382 3969 κληθῆναι.
397 3905 545 3964 Nescimus
563 3905 632 3979 quid
647 3905 743 3975 fuerit,
758 3925 810 3962 eur
823 3905 948 3962 Achilles
964 3907 999 3963 ad

271 3991 405 4047 rurruiriuru
420 4013 478 4050 uon
496 3992 675 4049 invitaretur.
698 3997 803 4050 Verum
826 4005 912 4069 poeta
929 3993 1000 4050 illud

271 4079 360 4152 egregie
377 4096 551 4138 commentus
565 4080 678 4137 ridetur
694 4099 731 4137 ex
751 4081 867 4157 ingenio
886 4081 1001 4139 Achillis

271 4161 366 4240 ipsaque
383 4170 490 4226 ratione
506 4168 584 4226 belli.
607 4169 657 4225 ute
678 4170 753 4225 enim
776 4189 871 4244 neque
892 4169 1001 4226 lrouore

271 4251 379 4325 ruiqrmur
402 4257 494 4314 rolrrit
515 4275 580 4314 esse
599 4256 718 4313 inferior
740 4255 926 4333 turbavitque
950 4277 1001 4334 per

271 4338 337 4395 animi
351 4342 542 4419 impotentiam
555 4344 603 4400 illa
618 4345 688 4420 ipsa,
701 4363 766 4420 quae
777 4344 855 4400 omui
870 4363 906 4402 ex
922 4355 1001 4419 parte

271 4423 428 4486 autebellum
448 4428 655 4508 perpendenda
670 4442 765 4502 erant,
785 4429 821 4486 ab
840 4430 924 4487 initio
946 4428 1001 4485 boc

272 4509 347 4581 turdo,
365 4517 512 4594 statimque
532 4537 551 4574 a
571 4529 658 4594 poeta
680 4515 901 4588 ostendebatur,
934 4535 998 4591 quar

271 4599 411 4656 (tracturum
425 4602 554 4659 conditio
569 4602 613 4659 bis
628 4601 751 4658 ducibus
765 4603 794 4658 in
812 4601 917 4658 lullum
933 4621 1002 4677 pro-

272 4681 387 4744 fer-torum
406 4689 459 4746 sub
472 4692 616 4748 ominibus
630 4691 794 4748 infelicibus
807 4690 904 4748 futura
917 4703 1000 4747 esset.

273 4770 298 4820 la
312 4784 338 4826 ut
349 4777 467 4835 Arlrilles
486 4779 690 4855 Agamemnoni
708 4797 822 4854 semper
841 4779 1001 4834 contrarius

272 4857 321 4924 luit,
340 4864 374 4922 ita
391 4868 449 4944 jam
469 4882 621 4944 antequam
642 4867 754 4943 Trojam
778 4879 918 4924 venerunt
940 4867 1003 4923 ani-

273 4959 332 5004 urum
355 4973 432 5012 suum
455 4955 598 5033 patefecit.
625 4955 797 5012 convivium
824 4967 919 5010 autem
944 4972 1001 5010 nou

272 5049 319 5088 ‘'l-¹1
341 5043 473 5117 tragediae
499 5045 677 5122 precipuum
708 5056 916 5120 argumentum,
952 5045 1001 5102 sed

274 5125 443 5187 tantummodo
461 5152 546 5190 causa
558 5133 609 5190 irae
627 5132 757 5207 Achillis,
774 5153 831 5208 qua
849 5133 944 5190 statim
962 5131 999 5188 ab

1738 710 1794 759 aaa

1041 825 1124 884 initio
1147 826 1234 882 multa
1255 826 1327 885 mala
1347 826 1375 882 in
1393 830 1508 883 Graecos
1528 828 1718 903 peruenirent.
1738 833 1795 885 De-

1042 914 1109 970 inde
1130 914 1184 971 hac
1212 933 1328 992 quoque
1359 913 1471 973 ratione
1493 916 1651 991 Sophocles
1680 917 1796 973 fortasse

1041 1003 1125 1059 etiam
1153 1003 1297 1078 explicare
1321 1005 1425 1078 potuit,
1439 1023 1498 1077 quo
1513 1002 1598 1060 niodo
1617 1006 1695 1063 lieret
1719 1017 1749 1061 ut
1767 1006 1796 1063 iu

1042 1088 1214 1165 appelleudo
1227 1092 1398 1148 Protesilaus
1413 1090 1599 1149 occideretur.

1082 1181 1161 1234 luter
1174 1196 1310 1254 personas
1329 1180 1430 1237 Ulixes
1450 1179 1519 1243 fuit,
1534 1180 1614 1256 cujus
1636 1182 1798 1257 eloquentia

1042 1264 1154 1340 egregie
1169 1263 1289 1322 fortasse
1301 1266 1404 1323 enituit
1415 1268 1442 1323 in
1458 1267 1670 1325 reconciliando'
1680 1270 1798 1329 Achille.

1043 1356 1144 1426 Neque
1170 1350 1360 1410 dubitandum
1381 1367 1424 1411 est
1462 1356 1532 1431 quin
1556 1361 1748 1433 Agamemnon
1771 1370 1800 1413 et

1043 1440 1190 1497 Menelaus
1205 1439 1280 1497 inter
1299 1442 1444 1519 graviores
1468 1462 1603 1519 personas
1627 1443 1740 1501 fuerint.
1759 1450 1801 1503 De

1044 1526 1132 1583 choro
1143 1528 1213 1585 nibil
1228 1530 1298 1585 certi
1319 1530 1375 1587 dici
1391 1542 1494 1607 potest.
1509 1534 1581 1587 Suut
1595 1532 1643 1607 qui
1658 1532 1801 1590 Tenedios

1044 1613 1222 1672 introductos
1242 1629 1351 1691 putent,
1365 1617 1414 1673 alii
1427 1617 1561 1677 Achivos.
1578 1622 1641 1675 Hoc
1665 1634 1801 1695 prestare

1044 1700 1169 1773 uidetur,
1188 1702 1255 1779 quia
1279 1703 1412 1760 Tenediis
1432 1704 1502 1759 nibil
1524 1704 1577 1761 suit
1598 1725 1662 1761 cum
1680 1708 1800 1773 Grecis;

1045 1788 1167 1845 militum
1194 1802 1289 1845 autem
1319 1792 1529 1865 quammaxime
1558 1792 1685 1850 interfuit
1715 1794 1802 1851 duces

1044 1875 1120 1931 inter
1133 1875 1210 1953 ipsos
1223 1878 1409 1936 reconciliari.

1084 1968 1252 2041 Fragmenta
1266 1978 1299 2023 ut
1311 1979 1377 2024 suut
1396 1986 1554 2043 perpauca,
1575 1968 1614 2025 ita
1632 1975 1672 2027 ex'
1691 1970 1724 2027 iis
1745 1991 1801 2028 non

1045 2052 1135 2108 multa
1148 2052 1184 2111 de
1199 2052 1343 2129 tragoediae
1363 2055 1571 2132 compositione
1587 2056 1650 2113 elici
1672 2072 1801 2133 possunt.

1045 2139 1167 2197 Videtur
1180 2154 1274 2198 tamen
1289 2142 1373 2198 initio
1391 2142 1553 2219 expositum
1569 2162 1639 2213 esse,
1655 2146 1803 2221 quomodo

1046 2228 1137 2287 Greci
1160 2228 1189 2285 in
1210 2229 1376 2287 concionem
1395 2230 1487 2287 uocmi
1509 2231 1564 2287 sint
1581 2230 1662 2305 jussu
1681 2236 1802 2307 Agame-

1046 2316 1168 2374 mnonis.
1193 2317 1306 2388 Quibus
1331 2337 1420 2395 quum
1443 2318 1570 2375 Achilles
1599 2322 1802 2396 Agamemnoni

1046 2405 1145 2473 iratus,
1165 2406 1243 2480 quud
1266 2406 1301 2462 arl
1325 2406 1489 2463 convivium
1510 2418 1628 2463 vocatus
1651 2426 1709 2464 non
1733 2421 1804 2477 erat,

1046 2512 1104 2549 uon
1118 2493 1276 2562 interesset,
1288 2506 1337 2550 aut
1353 2502 1548 2568 Agamemnon
1561 2508 1609 2551 aut
1624 2496 1721 2553 Ulixes
1734 2495 1803 2553 illml

1047 2579 1180 2637 omuibus
1197 2580 1373 2638 irinotesrere
1386 2581 1509 2639 voluisse
1522 2581 1702 2641 ridetur.·1ta
1718 2585 1804 2641 alter·-

1047 2678 1111 2723 uter
1132 2686 1186 2743 pro
1209 2668 1347 2724 concione
1363 2669 1506 2744 poposcit,
1524 2681 1554 2726 ut
1567 2668 1682 2727 numina
1694 2690 1804 2741 cortun,

1047 2754 1097 2829 qui
1121 2754 1177 2810 fule
1200 2753 1266 2811 data
1289 2774 1319 2811 se
1346 2755 1375 2811 in
1400 2753 1505 2813 bellum
1539 2757 1719 2832 profecturos
1744 2780 1805 2815 esse

1047 2854 1127 2899 erant
1138 2839 1268 2916 polliciti,
1279 2841 1475 2899 recitarentur.
1483 2842 1556 2899 Illud
1569 2843 1696 2901 iudicant
1707 2864 1806 2903 versus

1047 2928 1123 3005 apud
1136 2928 1225 2987 sclrol.
1238 2928 1319 2986 Piud.
1332 2929 1431 2986 lstlrm.
1445 2934 1480 3001 11,
1492 2930 1547 2986 68:

1048 3068 1109 3152 [³7]
1126 3070 1167 3133 Σὺ
1179 3060 1208 3133 δ’
1221 3071 1249 3133 ἐν
1260 3068 1389 3159 θρόνοισι
1398 3068 1586 3160 γραμμάτων
1599 3070 1718 3161 πτυχὰς
1730 3073 1805 3161 ἔχων

1126 3182 1189 3272 νέμ’
1205 3178 1288 3260 εἴτις
1303 3186 1337 3248 οὐ
1355 3184 1498 3273 πάρεστιν
1516 3180 1546 3260 ὃς
1564 3176 1741 3273 ξυνώμοσαν.

1049 3324 1120 3384 Coti.
1140 3325 1207 3403 ἔχων
1224 3325 1373 3401 ἀπόνειμον,
1394 3338 1423 3384 et
1445 3326 1548 3384 deinde
1568 3325 1642 3405 νίριει
1654 3352 1693 3395 τις
1706 3331 1735 3387 οὐ
1755 3330 1807 3387 ποί-

1050 3435 1119 3492 ρεστι
1131 3413 1170 3479 τίς
1184 3411 1205 3479 ξ.
1223 3414 1358 3488 Bergltius
1371 3417 1503 3472 correxit.

1088 3507 1211 3558 Prorsus
1227 3503 1391 3578 ignoratur,
1414 3504 1561 3578 quomodo
1576 3517 1659 3580 poeta
1680 3506 1809 3564 effecerit

1051 3604 1081 3648 ut
1093 3591 1218 3649 Aclrillcs
1231 3612 1295 3649 cum
1309 3592 1426 3668 reliquis
1447 3592 1568 3650 duribus
1584 3594 1612 3649 iu
1626 3595 1745 3670 gratiam
1762 3617 1808 3653 re-

1050 3679 1135 3738 diret.
1153 3684 1271 3737 Paratus
1294 3694 1386 3736 tameu
1403 3678 1463 3754 jam
1488 3681 1540 3736 fuit
1562 3681 1588 3736 iu
1613 3684 1731 3758 patriam
1755 3704 1808 3739 eu-

1051 3766 1158 3844 templu
1181 3766 1275 3824 redire
1298 3767 1448 3843 primaque
1471 3781 1555 3824 nocte
1580 3789 1640 3824 sese
1663 3771 1809 3827 abiturum

1051 3854 1211 3930 profitetur.
1237 3853 1268 3910 ld
1291 3853 1405 3910 ridetur
1429 3853 1551 3930 exprimi
1579 3855 1709 3912 versibus
1731 3859 1808 3932 apud

1050 3941 1159 3998 Pulluc.
1172 3945 1210 4006 X,
1227 3943 1299 4012 133,
1315 3941 1368 3998 nisi
1381 3941 1558 4017 comparatio
1573 3942 1602 3998 in
1616 3943 1650 3999 iis
1664 3943 1737 3999 inest
1754 3963 1761 4000 :
1778 3943 1809 4000 :d

1050 4025 1195 4085 δὲναυτικίι
1207 4025 1314 4099 σκεύη...
1324 4029 1458 4106 πλῆκτρα,
1470 4030 1505 4092 ὣς
1516 4028 1650 4107 Σοροκλῆς
1663 4031 1688 4086 ἐν
1699 4029 1809 4108 Ἀχαιῶν

1050 4114 1178 4193 συλλόγῳ·

1051 4251 1114 4332 [ιθ]
1130 4238 1175 4326 Ως
1192 4257 1375 4340 cespitem<
1392 4252 1532 4340 νυκτέρου
1549 4251 1726 4343 ναυκληρίας

1129 4371 1295 4452 πλήκτροις
1310 4363 1521 4429 desultorius
1540 4363 1640 4455 οὐρίαν
1654 4367 1771 4454 τρόπιν.

1052 4523 1184 4576 Fortasse
1214 4535 1283 4570 voce
1308 4515 1370 4592 [³9]
1391 4513 1638 4588 uiaarxdurqraw
1659 4515 1809 4595 ἐξήρτυται,

1052 4606 1128 4682 apud
1147 4605 1331 4678 Hesycbinm
1351 4603 1476 4662 Achilles
1496 4606 1602 4662 iudicat
1617 4624 1716 4662 narem
1730 4625 1809 4662 suam

1048 4695 1107 4770 jam
1128 4712 1190 4750 esse
1209 4703 1345 4767 paratam.

1093 4788 1192 4858 Neque
1216 4781 1307 4837 Graeci
1332 4781 1387 4856 ipsi
1410 4781 1485 4837 inter
1509 4800 1539 4838 se
1562 4783 1629 4838 satis
1654 4781 1810 4838 concordes

1052 4870 1138 4926 fuisse
1161 4867 1310 4937 uidentur,
1326 4868 1348 4924 si
1368 4867 1482 4942 quidem
1498 4868 1553 4925 buc
1573 4869 1715 4926 refereruli
1745 4883 1810 4926 sunt

1052 4977 1162 5026 versus,
1182 4974 1255 5032 quos
1275 4954 1455 5012 llerudiauus
1475 4957 1600 5012 servavit
1621 4955 1686 5032 Περὶ
1707 4955 1810 5032 effipi-

1051 5067 1102 5100 των
1116 5063 1144 5119 p.
1164 5045 1209 5114 57‚
1223 5044 1278 5100 58:
1296 5041 1446 5118 Ἀστεϊσμὸς
1461 5041 1488 5100 ii
1502 5043 1558 5099 ἐστι
1580 5044 1751 5121 προσποίησις
1771 5065 1811 5100 πι-

1052 5129 1118 5200 θανὴ
1131 5135 1176 5186 τοῦ
1187 5129 1224 5206 μὴ
1237 5129 1321 5208 λέγειν
1332 5128 1349 5198 ἣ
1360 5128 1530 5205 μνημονεύειν
1542 5133 1611 5204 ἡμᾶς
1621 5129 1637 5186 ἃ
1646 5131 1754 5208 λέγομεν
1763 5153 1768 5165 ·
1776 5133 1811 5198 ὡς

273 5228 1809 5255 m

274 5361 305 5412 lu
314 5379 368 5420 tero
378 5369 404 5423 in
415 5373 483 5428 solio
494 5303 748 5430 literaruirilabulas
762 5383 856 5428 tenens

275 5453 339 5496 roua
351 5462 410 5502 uum
423 5451 483 5520 quis
498 5469 551 5508 non
567 5451 638 5508 adsit
652 5453 697 5524 qui
708 5453 847 5524 jurarent.

1413 5301 1456 5348 38.

1054 5375 1093 5427 l't
1106 5375 1180 5428 naris
1196 5372 1326 5428 custodes
1340 5382 1481 5428 nocturna*
1496 5373 1674 5444 nauigationis

1054 5453 1227 5506 auuameutis
1242 5453 1378 5507 instruunt
1394 5453 1581 5522 tempestiuum
1593 5451 1723 5508 carinum.
