4567 6425
435 702 492 751 ate

782 826 844 875 778.

473 904 640 961 Plutarchus
660 904 719 961 Vit.
742 922 770 980 p.
791 902 866 958 253:
888 901 949 959 Τῶν
973 896 1001 955 δὲ
1022 896 1196 972 Τιμολέοντος

433 992 514 1072 ἔργων
536 991 608 1049 οὐδέν
630 993 700 1050 ἔστιν
719 980 741 1073 ᾧ
763 987 800 1066 μὴ
821 988 856 1047 τὰ
877 992 923 1046 τοῦ
944 984 1106 1067 Σοφοκλέους
1118 983 1195 1061 (iibri

433 1081 549 1158 quidam
573 1076 752 1156 Ἰ“ιμοκλέους,
779 1097 865 1155 quem
893 1076 1031 1151 tragicum
1058 1082 1197 1131 memorat

434 1168 538 1226 Athen.
556 1172 608 1239 tx,
624 1188 652 1245 p.
668 1170 735 1239 487,
748 1165 783 1244 Β)
796 1166 938 1245 ἐπιφωνεῖν
952 1160 1063 1242 ἔπρεπεν

495 1257 507 1283 Y

486 1286 516 1347 Ω
532 1283 613 1366 θεοὶ,
633 1277 679 1357 τίς
697 1275 756 1371 οἷρα
777 1282 894 1370 Κύπρις
908 1276 951 1362 ,λ
970 1276 1017 1354 τίς
1035 1263 1138 1367 λμερος

486 1389 576 1465 τοῦδε
592 1391 768 1483 ξυνήψατο,

474 1576 645 1636 Plutarchus
658 1575 717 1631 vit.
733 1594 761 1650 p.
778 1499 847 1641 (llll),
862 1584 891 1629 et
906 1573 1007 1630 hloral.
1022 1590 1049 1647 p.
1063 1571 1110 1638 33,
1120 1572 1164 1626 D:

514 1669 612 1762 (λστις
634 1676 669 1749 δὲ
681 1683 756 1772 πρὸς
773 1683 917 1771 τύραννον
933 1681 1145 1770 ἐμπορεύεται,

514 1800 610 1867 κείνου
629 1797 689 1863 ’στὶ
709 1789 837 1880 δοῦλος,
858 1789 913 1860 κᾶν
937 1795 1084 1885 ἐλεύθερος
1107 1792 1197 1881 μόλ’ρ..

785 1918 848 1969 780.

475 1998 644 2058 Plutarchus
659 1997 718 2055 Vit.
732 2016 762 2072 p.
777 1996 854 2067 667:

489 2122 616 2184 Πολλῶν
633 2121 764 2206 χαλινῶν
783 2114 868 2206 ἔργον
887 2111 995 2178 οἰάκων
1015 2110 1040 2175 θ’
1059 2111 1134 2201 ἅμα.

786 2227 848 2276 781.

476 2314 645 2373 Plutarchus
660 2313 764 2371 Moral.
777 2333 804 2390 p.
823 2332 868 2391 ιφ,
880 2314 918 2369 C:

491 2425 648 2500 Στενωπὸς
667 2408 750 2512 ᾅδου
768 2416 819 2486 καὶ
837 2420 1000 2510 παλιρροία
1018 2421 1121 2504 βυθοῦ.

787 2534 850 2585 782.

479 2614 647 2673 Plutarchus
661 2612 763 2672 Moral.
780 2633 809 2690 p.
825 2634 872 2685 ar,
887 2617 927 2671 h:

417 2711 424 2726 ’
492 2725 561 2788 Οὐκ
582 2717 721 2816 ἐξάγουσι
741 2722 855 2812 καρτὸν
871 2722 898 2787 οἱ
916 2713 1034 2809 ψευδεῖς
1056 2722 1155 2813 λόγοι.

791 2836 854 2885 788.

479 2923 649 2981 Plutarchus
669 2906 772 2981 almar.
789 2941 817 2997 p.
833 2941 881 2993 ar,
902 2925 922 2977 n
940 2942 947 2977 ι
965 2919 1006 2977 Τὰ
1026 2917 1203 2997 Σοφοκλέους,

441 3000 477 3070 ὧν
494 3011 539 3069 καλ
550 3008 633 3068 ταῦτά
642 3013 707 3080 ἐστι,

495 3123 618 3187 Γένοιτο
632 3116 688 3186 κᾶν
703 3118 856 3195 ἄπλουτος
873 3124 902 3185 ἐν
918 3123 1019 3208 τιμαῖς
1041 3117 1133 3207 drap·

443 3234 500 3307 καλ,

497 3333 596 3409 Οὐθὲν
614 3341 726 3407 κακίων
742 3343 884 3432 πτωχὸς,
903 3339 928 3404 εἰ
946 3346 1046 3416 καλῶς
1066 3343 1178 3430 φρονοῖ.

443 3453 528 3532 [Quae
544 3452 808 3531 sarpiunturhabcs
821 3455 856 3511 έν.
870 3453 949 3531 ὅσα]

795 3555 856 3603 784.

482 3639 655 3699 Plutarchus
669 3638 779 3695 «Marah
804 3658 833 3715 p.
850 3638 903 3708 84,
920 3641 962 3694 B:
980 3635 1013 3694 ‘ll
1037 3632 1065 3691 δέ
1086 3631 1206 3712 προκοπὴ

443 3728 490 3794 τὰς
502 3727 648 3808 ὑπιρὸολὰς
661 3723 786 3806 πρότερον
801 3724 845 3783 κοιλ
857 3723 902 3789 τὰς
911 3722 1035 3792 ὀξύτητας
1050 3723 1102 3779 τῶν
1116 3725 1206 3778 ream

446 3817 544 3890 ἀνίησι,

498 3918 580 4008 Πρὸς
599 3918 694 4007 οἷσπερ
714 3915 741 3981 οἱ
758 3922 930 4007 μαργῶντες
951 3914 1166 3990 ἐντονώτατοι,

446 4033 514 4092 κατὰ
527 4034 571 4091 τὸν
589 4031 735 4112 Σοφοκλέα.

988 681 1198 746 sotuactts
1220 676 1469 741 FRAGMENTA.

1457 856 1461 867 .
1605 810 1666 861 788.

1293 907 1463 965 Plutarchus
1477 906 1580 965 Moral.
1597 924 1626 981 p.
1642 922 1704 976 107,
1717 906 1738 959 8
1752 924 1758 957 :

1254 1036 1294 1097 Σύ
1308 1025 1338 1098 δ’
1357 1024 1455 1123 ἄνδρα
1476 1031 1603 1111 θνητὸν,
1629 1027 1653 1093 εἰ
1678 1024 1862 1117 κατέφθιτο,
1881 1022 1991 1103 στένεις,

1255 1140 1343 1225 εἰδὼς
1364 1148 1399 1213 τὸ
1415 1149 1524 1238 μελλσν
1541 1136 1629 1210 οὐδὲν
1648 1141 1673 1206 εἰ
1687 1131 1792 1233 κέρδος
1812 1138 1908 1229 φέρει,

1606 1270 1667 1319 786.

1293 1364 1460 1424 Plutarchus
1476 1362 1580 1421 Moral.
1596 1382 1625 1438 p.
1639 1370 1690 1427 ι4ι
1705 1382 1712 1414 z
1726 1359 1751 1417 T
1752 1344 1792 1422 air
1809 1354 1950 1431 λυσόνδρω
1962 1356 1997 1405 θο-

1253 1453 1380 1532 γατρύσιν
1395 1455 1409 1509 ὁ
1426 1448 1548 1531 τύραννος
1564 1452 1578 1507 ὁ
1597 1446 1734 1511 Σικελικὸς
1753 1442 1847 1521 ἱμάτια
1861 1440 1905 1498 καὶ
1916 1438 1997 1495 πλόιιι

1254 1543 1305 1599 τῶν
1324 1541 1474 1599 πολυτελῶν
1493 1537 1619 1618 ἔπεμψεν.
1638 1536 1671 1594 ‘0
1686 1534 1714 1592 δὲ
1728 1530 1877 1611 Λύσανδρος
1888 1530 1931 1587 οὐκ
1945 1524 1997 1583 ἶλα-

1255 1628 1310 1705 Cer,
1324 1627 1422 1687 εἰπών·
1437 1629 1532 1686 Ταῦτα
1545 1627 1578 1684 τὰ
1589 1624 1690 1700 κόσμιοι
1706 1624 1874 1697 καταισχυνεῖ
1887 1638 1932 1693 μου
1940 1613 1997 1689 μῖλ-

1254 1719 1299 1775 λον
1311 1716 1328 1790 ἢ
1340 1715 1470 1794 κοσμήσει
1486 1714 1531 1779 τὰς
1545 1711 1699 1792 θυγατέρας.
1720 1707 1852 1789 Πρότερος
1868 1704 1896 1763 δὲ
1907 1704 1998 1763 harh·

1256 1806 1316 1887 δρου
1334 1807 1470 1889 Σοφοκλῆς
1484 1808 1561 1863 τοῦτο
1575 1794 1661 1859 εἶπεν·

1311 1937 1357 1999 Ού
1372 1933 1503 2013 κόσμος,
1518 1928 1593 2011 οθκ,
1613 1926 1637 1991 ὦ
1656 1932 1787 2015 τλῆμον,
1806 1924 1871 1986 ἀλλ’
1887 1916 1999 2005 ἀκοσμία

1310 2046 1439 2139 φαίνοιτ’
1453 2042 1487 2110 ἂν
1503 2040 1590 2125 εἶναι,
1604 2052 1663 2107 σῶν
1678 2065 1710 2105 τε
1725 2037 1880 2130 μαργότης
1893 2041 1998 2124 φρενῶν.

1609 2174 1671 2224 787.

1298 2275 1468 2335 Plutarchus
1482 2274 1586 2333 Moral.
1602 2292 1631 2349 p.
1644 2271 1715 2344 394,
1731 2274 1752 2326 Β
1766 2291 1771 2324 :

1312 2392 1357 2456 Ού
1374 2382 1473 2453 νοέύλα
1492 2388 1696 2465 κωκυτοῖσιν,
1716 2383 1749 2445 ού
1762 2381 1858 2469 λύρά,
1880 2371 1956 2465 pha.

1611 2505 1671 2557 788.

1299 2606 1467 2665 Plutarchus
1479 2602 1581 2662 Moral.
1602 2622 1630 2679 p.
1646 2608 1718 2672 4ι4,
1731 2602 1772 2656 Ει
1787 2591 1880 2655 Πολλὰ
1894 2588 1957 2649 καλὲ
1967 2592 2002 2643 ια’.

1259 2696 1317 2752 θεοῦ
1334 2693 1447 2758 διδόντος
1465 2690 1625 2773 ἀνθρώποις,
1643 2685 1771 2747 ἀθάνατον
1791 2682 1818 2742 δέ
1839 2678 1932 2759 μηδέν·
1947 2677 2002 2733 ὥστε

1260 2780 1400 2853 «θνήσκειν
1416 2780 1460 2841 καὶ
1474 2781 1507 2839 τὰ
1521 2782 1601 2848 θεῶν,
1615 2774 1686 2859 θεούς
1701 2772 1729 2832 δέ
1742 2770 1772 2831 ού
1783 2798 1813 2845 ι,
1828 2767 1893 2829 arrh
1905 2770 1946 2825 τθν
1959 2766 2002 2825 Συ·

1260 2868 1366 2950 φοκλέα.

1612 2966 1674 3016 789.

1231 3062 1234 3139 l
1302 3063 1470 3123 Plutarchus
1489 3060 1590 3118 Moral.
1608 3080 1634 3134 p.
1652 3058 1729 3123 458ι
1750 3052 1802 3114 Καὶ
1817 3052 1861 3109 τὸν
1877 3046 2004 3108 Nemas·

1262 3178 1310 3232 μον
1324 3153 1460 3234 Σοφοκλῆς
1472 3147 1517 3207 κοιλ
1535 3146 1579 3205 τὸν
1592 3144 1744 3228 Εὐρύπυλον
1762 3139 1878 3209 ὁπλίσας,
1892 3162 1903 3189 ι
1915 3134 2005 3207 Ἐτύμ-

1261 3243 1325 3300 πασ’
1340 3239 1497 3320 ἀλοιδόρητα
1506 3265 1528 3304 ν,
1540 3234 1630 3317 φησὶν,

1341 3354 1516 3458 Ερρκξοὶτιν
1536 3366 1564 3438 ἐς
1583 3363 1679 3426 κύκλα
1692 3357 1829 3448 χαλκέων
1847 3356 1954 3419 ὅπλων.

1611 3483 1675 3532 790.

1303 3587 1473 3648 Plutarchus
1488 3583 1586 3644 Moral.
1605 3603 1633 3660 p.
1651 3581 1724 3653 463,
1735 3583 1780 3638 D:
1796 3577 1830 3635 '0
1849 3573 1874 3633 δὲ
1889 3570 2006 3650 Σοφοτλῖς

1174 3723 1190 3736 ..
1263 3677 1346 3755 λέγων
1360 3674 1416 3758 ὅτι

1263 3806 1311 3874 Τὰ
1327 3813 1457 3874 πλεῖστα
1476 3808 1581 3895 φωρῶν
1598 3797 1708 3888 αἰσχρὰ
1727 3793 1873 3886 φωράσεις
1895 3793 2006 3880 βροτῶν,

1263 3933 1330 4012 ἄγαν
1348 3937 1428 3992 έοικεν
1448 3935 1512 4010 ἡμῖν
1532 3925 1698 4004 curaturae
1716 3921 1761 3981 καὶ
1779 3920 1900 3980 κολούειν.
1914 3921 2005 3974 ltcnun

1265 4024 1350 4080 allcrt
1366 4042 1393 4099 p.
1413 4021 1479 4090 48ι,
1492 4022 1525 4076 F.

446 4143 908 4158 ..-.........-.-.-.,-
941 4143 954 4150 .,
1077 4139 1082 4149 ,
1204 4137 1231 4146 ,,
1266 4111 1989 4146 ,,.,.-..-.,,,.......-,.......-

798 4197 859 4246 778.

447 4287 471 4339 0
483 4281 534 4350 aii,
545 4298 606 4353 quae
616 4284 710 4335 Venus
725 4287 772 4334 aut
784 4277 858 4350 quod
872 4276 1039 4332 desiderium

448 4361 522 4418 hunc
536 4361 643 4434 attigit?

800 4443 860 4492 779.

448 4528 608 4599 Quicunque
622 4543 685 4582 rero
699 4525 734 4581 ad
750 4534 897 4597 tyrannum
910 4521 1026 4588 accedit,

448 4607 523 4664 illius
536 4623 632 4664 sersus
645 4613 702 4672 est,
716 4604 824 4661 etiarnsi
836 4604 903 4659 liber
912 4603 1025 4658 venerit.

794 4700 858 4748 780.

450 4782 599 4841 Multarum
623 4781 790 4838 habenarum
814 4795 883 4850 opus
909 4776 1211 4850 gubemaculorumqae

520 4861 613 4919 simul.

795 4944 858 4992 781.

451 5031 553 5088 Fauces
565 5030 629 5085 Orci
644 5037 672 5084 et
683 5027 819 5099 reciproca
831 5025 904 5082 unda
918 5023 1044 5097 gurgitis.

803 5121 865 5170 782.

451 5207 515 5263 Non
528 5203 649 5264 eneam
660 5203 779 5258 fractam
793 5199 871 5258 falsae
880 5202 1027 5257 orationes.

800 5297 861 5346 783.

453 5383 497 5440 Sit
508 5381 537 5436 in
549 5378 741 5435 honoreetiam
754 5379 793 5434 rit
806 5394 918 5450 pauper.

454 5463 536 5521 Nulla
547 5478 576 5518 re
589 5458 728 5516 arcadicus
741 5459 857 5516 deterior
870 5456 893 5512 si
905 5465 979 5513 recte
993 5457 1071 5529 sapit.

1612 4179 1675 4229 784.

1266 4269 1305 4327 nd
1321 4283 1389 4341 quas
1401 4273 1538 4322 tumentes
1549 4269 1615 4320 sunt
1627 4259 1763 4316 acerrimi.
1817 4251 1823 4260 ’

1613 4357 1676 4408 785.

1264 4450 1305 4503 Τυ
1321 4461 1382 4502 vero
1397 4445 1484 4499 virum
1494 4439 1648 4506 mortalem,
1663 4437 1687 4494 si
1699 4435 1816 4500 interiit,
1828 4433 1916 4503 luges,

1264 4525 1332 4580 nihil
1346 4524 1437 4580 sciens
1456 4520 1490 4577 de
1507 4528 1631 4592 tempore
1650 4516 1745 4572 lutura
1765 4528 1834 4569 num
1857 4511 1952 4565 luctum
1969 4499 2004 4556 al·

1335 4602 1415 4659 leret.

1545 4721 1549 4726 .
1615 4681 1677 4731 788.

1265 4776 1327 4830 Nan
1340 4776 1545 4831 ornamentum.
1559 4781 1626 4829 non,
1639 4779 1657 4819 ο
1670 4762 1764 4824 miser,
1780 4757 1830 4814 sed
1843 4751 1959 4828 prahrunt

1265 4869 1325 4910 esse
1338 4852 1461 4908 videatur
1473 4848 1570 4920 tuique
1582 4845 1664 4902 animi
1678 4839 1804 4897 stultitia.
1870 4908 1874 4918 Ι

1617 4937 1679 4986 787.

1266 5019 1327 5073 Non
1341 5014 1437 5080 nabla,
1454 5029 1509 5068 nun
1523 5013 1582 5083 lyra
1596 5005 1782 5065 lamentationi
1797 4997 1959 5061 caareaiuttt·

1614 5104 1676 5154 789.

1266 5196 1426 5262 irruperunt
1440 5189 1467 5244 in
1482 5187 1563 5244 orbes
1577 5199 1718 5244 aeneorum
1734 5193 1881 5238 ermonem.

1618 5285 1681 5334 790.

1268 5371 1441 5447 Deprendere
1464 5371 1606 5428 hominurn
1630 5365 1757 5440 pilataque
1777 5359 1901 5496 εεῑΗνῦἰιΙὶο
1917 5351 2003 5412 oasa
