<?xml version="1.0" encoding="UTF-8"?>
<!DOCTYPE html PUBLIC "-//W3C//DTD XHTML 1.0 Transitional//EN"
    "http://www.w3.org/TR/xhtml1/DTD/xhtml1-transitional.dtd">
<html xmlns="http://www.w3.org/1999/xhtml" xml:lang="en" lang="en">
 <head>
  <title>
</title>
<meta http-equiv="Content-Type" content="text/html;charset=utf-8" />
  <meta name='ocr-system' content='tesseract 3.04.00' />
  <meta name='ocr-capabilities' content='ocr_page ocr_carea ocr_par ocr_line ocrx_word'/>
</head>
<body>
  <div class='ocr_page' id='page_1' title='image "./schylietsophocl00sophgoog_0681.png"; bbox 0 0 4567 6425; ppageno 0'>
   <div class='ocr_carea' id='block_1_1' title="bbox 852 662 1332 723">
    <p class='ocr_par' dir='ltr' id='par_1_1' title="bbox 852 662 1332 723">
     <span class='ocr_line' id='line_1_1' title="bbox 852 662 1332 723; baseline -0.004 0"><span class='ocrx_word' id='word_1_1' title='bbox 852 662 1061 723; x_wconf 78' lang='lat' dir='ltr'>soettoctts</span> <span class='ocrx_word' id='word_1_2' title='bbox 1083 662 1332 723; x_wconf 69' lang='lat' dir='ltr'>FRAGMENTA.</span> 
     </span>
    </p>
   </div>
   <div class='ocr_carea' id='block_1_2' title="bbox 1821 668 1877 721">
    <p class='ocr_par' dir='ltr' id='par_1_2' title="bbox 1821 668 1877 721">
     <span class='ocr_line' id='line_1_2' title="bbox 1821 668 1877 721; baseline 0.071 -4"><span class='ocrx_word' id='word_1_3' title='bbox 1821 668 1877 721; x_wconf 70' lang='grc'>888</span> 
     </span>
    </p>
   </div>
   <div class='ocr_carea' id='block_1_3' title="bbox 306 794 1877 964">
    <p class='ocr_par' dir='ltr' id='par_1_3' title="bbox 306 794 1877 964">
     <span class='ocr_line' id='line_1_3' title="bbox 308 794 1877 879; baseline -0.005 -18"><span class='ocrx_word' id='word_1_4' title='bbox 308 814 346 861; x_wconf 71' lang='lat' dir='ltr'>att</span> <span class='ocrx_word' id='word_1_5' title='bbox 358 803 461 861; x_wconf 83' lang='lat' dir='ltr'>eodem</span> <span class='ocrx_word' id='word_1_6' title='bbox 478 816 608 879; x_wconf 90' lang='lat' dir='ltr'>tempore</span> <span class='ocrx_word' id='word_1_7' title='bbox 620 806 724 859; x_wconf 80' lang='lat' dir='ltr'>Atreus</span> <span class='ocrx_word' id='word_1_8' title='bbox 737 814 853 875; x_wconf 87' lang='lat' dir='ltr'>quoque</span> <span class='ocrx_word' id='word_1_9' title='bbox 865 816 902 855; x_wconf 91' lang='lat' dir='ltr'>eo</span> <span class='ocrx_word' id='word_1_10' title='bbox 915 796 1003 867; x_wconf 83' lang='lat' dir='ltr'>venit,</span> <span class='ocrx_word' id='word_1_11' title='bbox 1015 796 1065 873; x_wconf 91' lang='lat' dir='ltr'>qui</span> <span class='ocrx_word' id='word_1_12' title='bbox 1089 804 1096 871; x_wconf 84' lang='grc'>1</span> <span class='ocrx_word' id='word_1_13' title='bbox 1116 803 1219 859; x_wconf 67' lang='lat' dir='ltr'>&amp;nem</span> <span class='ocrx_word' id='word_1_14' title='bbox 1229 798 1315 857; x_wconf 83' lang='lat' dir='ltr'>luisse</span> <span class='ocrx_word' id='word_1_15' title='bbox 1328 798 1376 874; x_wconf 92' lang='lat' dir='ltr'>qui</span> <span class='ocrx_word' id='word_1_16' title='bbox 1389 796 1508 874; x_wconf 84' lang='lat' dir='ltr'>Thyesti</span> <span class='ocrx_word' id='word_1_17' title='bbox 1525 797 1584 853; x_wconf 77' lang='lat' dir='ltr'>haec</span> <span class='ocrx_word' id='word_1_18' title='bbox 1597 795 1731 867; x_wconf 76' lang='lat' dir='ltr'>suaserit,</span> <span class='ocrx_word' id='word_1_19' title='bbox 1742 794 1798 851; x_wconf 89' lang='lat' dir='ltr'>alio</span> <span class='ocrx_word' id='word_1_20' title='bbox 1814 797 1877 853; x_wconf 91' lang='lat' dir='ltr'>loco</span> 
     </span>
     <span class='ocr_line' id='line_1_4' title="bbox 306 884 1690 964; baseline -0.007 -16"><span class='ocrx_word' id='word_1_21' title='bbox 306 891 464 950; x_wconf 63' lang='lat' dir='ltr'>sterilitatis</span> <span class='ocrx_word' id='word_1_22' title='bbox 487 910 571 948; x_wconf 88' lang='lat' dir='ltr'>causa</span> <span class='ocrx_word' id='word_1_23' title='bbox 582 889 730 947; x_wconf 87' lang='lat' dir='ltr'>oraculum</span> <span class='ocrx_word' id='word_1_24' title='bbox 753 884 915 943; x_wconf 87' lang='lat' dir='ltr'>consultum</span> <span class='ocrx_word' id='word_1_25' title='bbox 938 886 1066 961; x_wconf 77' lang='lat' dir='ltr'>Mycenis</span> <span class='ocrx_word' id='word_1_26' title='bbox 1117 886 1194 964; x_wconf 86' lang='lat' dir='ltr'>apud</span> <span class='ocrx_word' id='word_1_27' title='bbox 1207 885 1353 945; x_wconf 74' lang='lat' dir='ltr'>stobaeurn</span> <span class='ocrx_word' id='word_1_28' title='bbox 1365 890 1450 953; x_wconf 80' lang='lat' dir='ltr'>CXV,</span> <span class='ocrx_word' id='word_1_29' title='bbox 1472 886 1514 955; x_wconf 76' lang='lat'>16,</span> <span class='ocrx_word' id='word_1_30' title='bbox 1528 884 1690 943; x_wconf 87' lang='lat' dir='ltr'>indicatur:</span> 
     </span>
    </p>
   </div>
   <div class='ocr_carea' id='block_1_4' title="bbox 304 973 1069 2107">
    <p class='ocr_par' dir='ltr' id='par_1_4' title="bbox 304 973 1068 1500">
     <span class='ocr_line' id='line_1_5' title="bbox 306 973 1065 1054; baseline -0.012 -17"><span class='ocrx_word' id='word_1_31' title='bbox 306 979 456 1054; x_wconf 85' lang='lat' dir='ltr'>prolectas</span> <span class='ocrx_word' id='word_1_32' title='bbox 474 996 643 1054; x_wconf 85' lang='lat' dir='ltr'>responsum</span> <span class='ocrx_word' id='word_1_33' title='bbox 661 986 826 1051; x_wconf 86' lang='lat' dir='ltr'>acceperat,</span> <span class='ocrx_word' id='word_1_34' title='bbox 848 985 882 1030; x_wconf 93' lang='lat' dir='ltr'>ut</span> <span class='ocrx_word' id='word_1_35' title='bbox 904 973 1020 1029; x_wconf 82' lang='lat' dir='ltr'>fratrem</span> <span class='ocrx_word' id='word_1_36' title='bbox 1037 974 1065 1030; x_wconf 89' lang='lat' dir='ltr'>in</span> 
     </span>
     <span class='ocr_line' id='line_1_6' title="bbox 307 1064 1068 1148; baseline -0.011 -21"><span class='ocrx_word' id='word_1_37' title='bbox 307 1091 427 1148; x_wconf 79' lang='lat' dir='ltr'>regnum</span> <span class='ocrx_word' id='word_1_38' title='bbox 447 1070 606 1127; x_wconf 72' lang='lat' dir='ltr'><strong>reduceret.</strong></span> <span class='ocrx_word' id='word_1_39' title='bbox 626 1072 729 1140; x_wconf 88' lang='lat' dir='ltr'>ltaque</span> <span class='ocrx_word' id='word_1_40' title='bbox 755 1064 824 1121; x_wconf 90' lang='lat' dir='ltr'>satis</span> <span class='ocrx_word' id='word_1_41' title='bbox 851 1082 954 1139; x_wconf 80' lang='lat' dir='ltr'>magua</span> <span class='ocrx_word' id='word_1_42' title='bbox 983 1082 1068 1120; x_wconf 87' lang='lat' dir='ltr'>causa</span> 
     </span>
     <span class='ocr_line' id='line_1_7' title="bbox 306 1150 1068 1233; baseline -0.009 -19"><span class='ocrx_word' id='word_1_43' title='bbox 306 1158 377 1229; x_wconf 79' lang='lat' dir='ltr'>tuti,</span> <span class='ocrx_word' id='word_1_44' title='bbox 395 1178 447 1215; x_wconf 90' lang='lat' dir='ltr'>cur</span> <span class='ocrx_word' id='word_1_45' title='bbox 469 1157 623 1233; x_wconf 76' lang='lat' dir='ltr'>Thyestem</span> <span class='ocrx_word' id='word_1_46' title='bbox 642 1152 746 1211; x_wconf 85' lang='lat' dir='ltr'>adiret.</span> <span class='ocrx_word' id='word_1_47' title='bbox 768 1152 924 1227; x_wconf 88' lang='lat' dir='ltr'>Cuiquam</span> <span class='ocrx_word' id='word_1_48' title='bbox 948 1150 1068 1207; x_wconf 87' lang='lat' dir='ltr'>sortasse</span> 
     </span>
     <span class='ocr_line' id='line_1_8' title="bbox 306 1238 1066 1323; baseline -0.013 -18"><span class='ocrx_word' id='word_1_49' title='bbox 306 1247 511 1323; x_wconf 80' lang='lat' dir='ltr'>persuasisset,</span> <span class='ocrx_word' id='word_1_50' title='bbox 530 1256 561 1300; x_wconf 90' lang='lat' dir='ltr'>ut</span> <span class='ocrx_word' id='word_1_51' title='bbox 579 1240 707 1315; x_wconf 81' lang='lat' dir='ltr'>rediret,</span> <span class='ocrx_word' id='word_1_52' title='bbox 727 1241 788 1318; x_wconf 85' lang='lat' dir='ltr'>ipse</span> <span class='ocrx_word' id='word_1_53' title='bbox 800 1238 946 1315; x_wconf 81' lang='lat' dir='ltr'>Pelopiam</span> <span class='ocrx_word' id='word_1_54' title='bbox 961 1239 989 1295; x_wconf 92' lang='lat' dir='ltr'>in</span> <span class='ocrx_word' id='word_1_55' title='bbox 1005 1258 1066 1295; x_wconf 90' lang='lat' dir='ltr'>ma-</span> 
     </span>
     <span class='ocr_line' id='line_1_9' title="bbox 306 1326 1066 1408; baseline -0.011 -19"><span class='ocrx_word' id='word_1_56' title='bbox 306 1334 476 1391; x_wconf 73' lang='lat' dir='ltr'>tr&#39;Imonium</span> <span class='ocrx_word' id='word_1_57' title='bbox 488 1331 600 1408; x_wconf 87' lang='lat' dir='ltr'>accepit</span> <span class='ocrx_word' id='word_1_58' title='bbox 613 1342 700 1405; x_wconf 89' lang='lat' dir='ltr'>atque</span> <span class='ocrx_word' id='word_1_59' title='bbox 717 1328 755 1384; x_wconf 88' lang='lat' dir='ltr'>ita</span> <span class='ocrx_word' id='word_1_60' title='bbox 765 1328 828 1405; x_wconf 84' lang='lat' dir='ltr'>ipse</span> <span class='ocrx_word' id='word_1_61' title='bbox 841 1326 896 1383; x_wconf 86' lang='lat' dir='ltr'>sibi</span> <span class='ocrx_word' id='word_1_62' title='bbox 909 1326 1066 1402; x_wconf 84' lang='lat' dir='ltr'>pernicicm</span> 
     </span>
     <span class='ocr_line' id='line_1_10' title="bbox 304 1419 618 1500; baseline -0.016 -21"><span class='ocrx_word' id='word_1_63' title='bbox 304 1424 335 1479; x_wconf 90' lang='lat' dir='ltr'>in</span> <span class='ocrx_word' id='word_1_64' title='bbox 353 1420 475 1500; x_wconf 89' lang='lat' dir='ltr'>patriam</span> <span class='ocrx_word' id='word_1_65' title='bbox 488 1419 618 1477; x_wconf 82' lang='lat' dir='ltr'>adduxit.</span> 
     </span>
    </p>

    <p class='ocr_par' dir='ltr' id='par_1_5' title="bbox 304 1503 1069 2107">
     <span class='ocr_line' id='line_1_11' title="bbox 336 1503 1067 1585; baseline -0.01 -19"><span class='ocrx_word' id='word_1_66' title='bbox 336 1508 491 1581; x_wconf 84' lang='lat' dir='ltr'><strong>Quomodo</strong></span> <span class='ocrx_word' id='word_1_67' title='bbox 500 1520 582 1584; x_wconf 88' lang='lat' dir='ltr'>poeta</span> <span class='ocrx_word' id='word_1_68' title='bbox 593 1506 757 1585; x_wconf 70' lang='lat' dir='ltr'>tragoediam</span> <span class='ocrx_word' id='word_1_69' title='bbox 764 1503 971 1580; x_wconf 85' lang='lat' dir='ltr'>composuerit,</span> <span class='ocrx_word' id='word_1_70' title='bbox 982 1520 1067 1577; x_wconf 73' lang='lat' dir='ltr'>«quem</span> 
     </span>
     <span class='ocr_line' id='line_1_12' title="bbox 305 1590 1069 1671; baseline -0.008 -18"><span class='ocrx_word' id='word_1_71' title='bbox 305 1599 447 1667; x_wconf 88' lang='lat' dir='ltr'>chorum,</span> <span class='ocrx_word' id='word_1_72' title='bbox 466 1615 537 1671; x_wconf 60' lang='lat' dir='ltr'>squas</span> <span class='ocrx_word' id='word_1_73' title='bbox 557 1613 698 1671; x_wconf 81' lang='lat' dir='ltr'>personas</span> <span class='ocrx_word' id='word_1_74' title='bbox 716 1590 929 1663; x_wconf 83' lang='lat' dir='ltr'>introduxerit,</span> <span class='ocrx_word' id='word_1_75' title='bbox 952 1609 989 1647; x_wconf 79' lang='lat' dir='ltr'>ex</span> <span class='ocrx_word' id='word_1_76' title='bbox 1010 1591 1069 1647; x_wconf 86' lang='lat' dir='ltr'>Ira-</span> 
     </span>
     <span class='ocr_line' id='line_1_13' title="bbox 304 1678 1067 1761; baseline -0.009 -20"><span class='ocrx_word' id='word_1_77' title='bbox 304 1686 427 1761; x_wconf 79' lang='lat' dir='ltr'>gmentis</span> <span class='ocrx_word' id='word_1_78' title='bbox 438 1683 518 1739; x_wconf 90' lang='lat' dir='ltr'>nullo</span> <span class='ocrx_word' id='word_1_79' title='bbox 532 1681 616 1739; x_wconf 92' lang='lat' dir='ltr'>modo</span> <span class='ocrx_word' id='word_1_80' title='bbox 626 1681 691 1738; x_wconf 85' lang='lat' dir='ltr'>chci</span> <span class='ocrx_word' id='word_1_81' title='bbox 704 1690 807 1757; x_wconf 88' lang='lat' dir='ltr'>potest.</span> <span class='ocrx_word' id='word_1_82' title='bbox 820 1678 962 1736; x_wconf 81' lang='lat' dir='ltr'>Videntur</span> <span class='ocrx_word' id='word_1_83' title='bbox 973 1689 1067 1735; x_wconf 64' lang='lat' dir='ltr'>umen</span> 
     </span>
     <span class='ocr_line' id='line_1_14' title="bbox 304 1766 1069 1849; baseline -0.012 -19"><span class='ocrx_word' id='word_1_84' title='bbox 304 1772 390 1830; x_wconf 90' lang='lat' dir='ltr'>initio</span> <span class='ocrx_word' id='word_1_85' title='bbox 409 1770 527 1849; x_wconf 90' lang='lat' dir='ltr'>quidam</span> <span class='ocrx_word' id='word_1_86' title='bbox 541 1768 699 1826; x_wconf 86' lang='lat' dir='ltr'>introducti</span> <span class='ocrx_word' id='word_1_87' title='bbox 722 1787 799 1835; x_wconf 88' lang='lat' dir='ltr'>esse,</span> <span class='ocrx_word' id='word_1_88' title='bbox 814 1767 864 1843; x_wconf 86' lang='lat' dir='ltr'>qui</span> <span class='ocrx_word' id='word_1_89' title='bbox 885 1766 1022 1842; x_wconf 80' lang='lat' dir='ltr'>Thyesti,</span> <span class='ocrx_word' id='word_1_90' title='bbox 1036 1776 1069 1822; x_wconf 89' lang='lat' dir='ltr'>ut</span> 
     </span>
     <span class='ocr_line' id='line_1_15' title="bbox 305 1852 1067 1937; baseline -0.01 -20"><span class='ocrx_word' id='word_1_91' title='bbox 305 1860 401 1917; x_wconf 76' lang='lat' dir='ltr'>fratris</span> <span class='ocrx_word' id='word_1_92' title='bbox 423 1857 559 1937; x_wconf 86' lang='lat' dir='ltr'>precibus</span> <span class='ocrx_word' id='word_1_93' title='bbox 590 1856 826 1934; x_wconf 78' lang='lat' dir='ltr'>obtemperaret,</span> <span class='ocrx_word' id='word_1_94' title='bbox 855 1852 1067 1930; x_wconf 76' lang='lat' dir='ltr'>persuaderent.</span> 
     </span>
     <span class='ocr_line' id='line_1_16' title="bbox 304 1943 1067 2022; baseline -0.009 -16"><span class='ocrx_word' id='word_1_95' title='bbox 304 1953 370 2007; x_wconf 88' lang='lat' dir='ltr'>lluc</span> <span class='ocrx_word' id='word_1_96' title='bbox 380 1948 502 2005; x_wconf 83' lang='lat' dir='ltr'>reseram</span> <span class='ocrx_word' id='word_1_97' title='bbox 514 1944 593 2022; x_wconf 90' lang='lat' dir='ltr'>quod</span> <span class='ocrx_word' id='word_1_98' title='bbox 605 1958 649 2003; x_wconf 90' lang='lat' dir='ltr'>est</span> <span class='ocrx_word' id='word_1_99' title='bbox 665 1946 767 2004; x_wconf 89' lang='lat' dir='ltr'>Orion.</span> <span class='ocrx_word' id='word_1_100' title='bbox 782 1943 899 2002; x_wconf 78' lang='lat' dir='ltr'>Anthol.</span> <span class='ocrx_word' id='word_1_101' title='bbox 915 1946 956 2014; x_wconf 94' lang='lat' dir='ltr'>V,</span> <span class='ocrx_word' id='word_1_102' title='bbox 971 1962 1020 2016; x_wconf 84' lang='lat' dir='ltr'>ao,</span> <span class='ocrx_word' id='word_1_103' title='bbox 1038 1961 1067 2019; x_wconf 88' lang='lat' dir='ltr'>p.</span> 
     </span>
     <span class='ocr_line' id='line_1_17' title="bbox 306 2030 656 2107; baseline -0.011 -13"><span class='ocrx_word' id='word_1_104' title='bbox 306 2046 342 2107; x_wconf 67' lang='lat' dir='ltr'>l?</span> <span class='ocrx_word' id='word_1_105' title='bbox 356 2082 365 2107; x_wconf 90' lang='lat'>,</span> <span class='ocrx_word' id='word_1_106' title='bbox 378 2037 409 2093; x_wconf 81' lang='grc' dir='ltr'>ἐκ</span> <span class='ocrx_word' id='word_1_107' title='bbox 420 2039 467 2093; x_wconf 80' lang='grc' dir='ltr'>τοῖν</span> <span class='ocrx_word' id='word_1_108' title='bbox 482 2030 602 2094; x_wconf 74' lang='grc' dir='ltr'>Θυέστου</span> <span class='ocrx_word' id='word_1_109' title='bbox 614 2030 656 2090; x_wconf 86' lang='grc' dir='ltr'>α’·</span> 
     </span>
    </p>
   </div>
   <div class='ocr_carea' id='block_1_5' title="bbox 303 2158 1067 2607">
    <p class='ocr_par' dir='ltr' id='par_1_6' title="bbox 303 2158 1067 2607">
     <span class='ocr_line' id='line_1_18' title="bbox 303 2158 1067 2261; baseline -0.008 -26"><span class='ocrx_word' id='word_1_110' title='bbox 303 2170 387 2255; x_wconf 84' lang='grc'><strong>[484]</strong></span> <span class='ocrx_word' id='word_1_111' title='bbox 404 2168 499 2261; x_wconf 79' lang='grc' dir='ltr'>Σορὸς</span> <span class='ocrx_word' id='word_1_112' title='bbox 516 2164 572 2261; x_wconf 72' lang='grc' dir='ltr'>γὰρ</span> <span class='ocrx_word' id='word_1_113' title='bbox 589 2158 686 2244; x_wconf 81' lang='grc' dir='ltr'>οὐθεὶς</span> <span class='ocrx_word' id='word_1_114' title='bbox 702 2167 780 2238; x_wconf 73' lang='grc' dir='ltr'>πλὴν</span> <span class='ocrx_word' id='word_1_115' title='bbox 797 2160 828 2229; x_wconf 86' lang='grc' dir='ltr'>θν</span> <span class='ocrx_word' id='word_1_116' title='bbox 846 2160 880 2230; x_wconf 83' lang='grc' dir='ltr'>ἃν</span> <span class='ocrx_word' id='word_1_117' title='bbox 895 2168 972 2254; x_wconf 78' lang='grc' dir='ltr'>τιμᾷ</span> <span class='ocrx_word' id='word_1_118' title='bbox 988 2163 1067 2242; x_wconf 84' lang='grc' dir='ltr'>θιύς·</span> 
     </span>
     <span class='ocr_line' id='line_1_19' title="bbox 398 2271 1012 2373; baseline -0.007 -24"><span class='ocrx_word' id='word_1_119' title='bbox 398 2284 464 2350; x_wconf 79' lang='grc' dir='ltr'>ἀλλ’</span> <span class='ocrx_word' id='word_1_120' title='bbox 479 2282 518 2361; x_wconf 81' lang='grc' dir='ltr'>εἰς</span> <span class='ocrx_word' id='word_1_121' title='bbox 534 2282 616 2359; x_wconf 81' lang='grc' dir='ltr'>θεοὺς</span> <span class='ocrx_word' id='word_1_122' title='bbox 631 2286 762 2373; x_wconf 80' lang='grc' dir='ltr'>ὁρῶντα,</span> <span class='ocrx_word' id='word_1_123' title='bbox 779 2275 834 2345; x_wconf 71' lang='grc' dir='ltr'>κᾶν</span> <span class='ocrx_word' id='word_1_124' title='bbox 852 2272 910 2355; x_wconf 74' lang='grc' dir='ltr'>ἔξω</span> <span class='ocrx_word' id='word_1_125' title='bbox 926 2271 1012 2355; x_wconf 69' lang='grc' dir='ltr'>δίκης</span> 
     </span>
     <span class='ocr_line' id='line_1_20' title="bbox 397 2386 1023 2491; baseline -0.011 -26"><span class='ocrx_word' id='word_1_126' title='bbox 397 2404 502 2491; x_wconf 67' lang='grc' dir='ltr'>χωρεῖν</span> <span class='ocrx_word' id='word_1_127' title='bbox 516 2399 632 2490; x_wconf 71' lang='grc' dir='ltr'>κελεύῃ,</span> <span class='ocrx_word' id='word_1_128' title='bbox 649 2397 723 2462; x_wconf 78' lang='grc' dir='ltr'>κεῖτ’</span> <span class='ocrx_word' id='word_1_129' title='bbox 737 2386 905 2486; x_wconf 76' lang='grc' dir='ltr'>ὁδοιπορεῖν</span> <span class='ocrx_word' id='word_1_130' title='bbox 917 2397 1023 2486; x_wconf 80' lang='grc' dir='ltr'>χρεών·</span> 
     </span>
     <span class='ocr_line' id='line_1_21' title="bbox 397 2503 1035 2607; baseline -0.006 -28"><span class='ocrx_word' id='word_1_131' title='bbox 397 2514 518 2607; x_wconf 59' lang='grc' dir='ltr'>αἰσχρὸν·</span> <span class='ocrx_word' id='word_1_132' title='bbox 534 2510 592 2607; x_wconf 76' lang='grc' dir='ltr'>γὰο</span> <span class='ocrx_word' id='word_1_133' title='bbox 610 2503 696 2577; x_wconf 65' lang='lat' dir='ltr'>ctis</span> <span class='ocrx_word' id='word_1_134' title='bbox 714 2508 753 2575; x_wconf 87' lang='grc' dir='ltr'>ὧν</span> <span class='ocrx_word' id='word_1_135' title='bbox 766 2514 952 2601; x_wconf 72' lang='grc' dir='ltr'>ὑφηγοῦνται</span> <span class='ocrx_word' id='word_1_136' title='bbox 964 2506 1035 2575; x_wconf 85' lang='grc' dir='ltr'>θεοῖ.</span> 
     </span>
    </p>
   </div>
   <div class='ocr_carea' id='block_1_6' title="bbox 303 2634 1066 2718">
    <p class='ocr_par' dir='ltr' id='par_1_7' title="bbox 303 2634 1066 2718">
     <span class='ocr_line' id='line_1_22' title="bbox 303 2634 1066 2718; baseline -0.009 -17"><span class='ocrx_word' id='word_1_137' title='bbox 303 2643 443 2718; x_wconf 80' lang='lat' dir='ltr'>Thyestes</span> <span class='ocrx_word' id='word_1_138' title='bbox 455 2640 608 2718; x_wconf 86' lang='lat' dir='ltr'>perspicae</span> <span class='ocrx_word' id='word_1_139' title='bbox 626 2638 671 2696; x_wconf 90' lang='lat' dir='ltr'>his</span> <span class='ocrx_word' id='word_1_140' title='bbox 686 2634 818 2694; x_wconf 81' lang='lat' dir='ltr'>versibus</span> <span class='ocrx_word' id='word_1_141' title='bbox 827 2634 1018 2706; x_wconf 88' lang='lat' dir='ltr'>admonetur,</span> <span class='ocrx_word' id='word_1_142' title='bbox 1035 2650 1066 2695; x_wconf 88' lang='lat' dir='ltr'>ut</span> 
     </span>
    </p>
   </div>
   <div class='ocr_carea' id='block_1_7' title="bbox 302 2723 1147 2805">
    <p class='ocr_par' dir='ltr' id='par_1_8' title="bbox 302 2723 1147 2805">
     <span class='ocr_line' id='line_1_23' title="bbox 302 2723 1147 2805; baseline -0.014 -16"><span class='ocrx_word' id='word_1_143' title='bbox 302 2730 440 2801; x_wconf 87' lang='lat' dir='ltr'>oraculo,</span> <span class='ocrx_word' id='word_1_144' title='bbox 459 2727 538 2805; x_wconf 93' lang='lat' dir='ltr'>quod</span> <span class='ocrx_word' id='word_1_145' title='bbox 557 2732 663 2785; x_wconf 75' lang='lat' dir='ltr'>Atreus</span> <span class='ocrx_word' id='word_1_146' title='bbox 690 2725 858 2802; x_wconf 77' lang='lat' dir='ltr'>acceperit,</span> <span class='ocrx_word' id='word_1_147' title='bbox 875 2723 1065 2801; x_wconf 83' lang='lat' dir='ltr'>obtemperet.</span> <span class='ocrx_word' id='word_1_148' title='bbox 1143 2768 1147 2777; x_wconf 91' lang='lat'>.</span> 
     </span>
    </p>
   </div>
   <div class='ocr_carea' id='block_1_8' title="bbox 304 2812 1065 2985">
    <p class='ocr_par' dir='ltr' id='par_1_9' title="bbox 304 2812 1065 2985">
     <span class='ocr_line' id='line_1_24' title="bbox 304 2812 1065 2893; baseline -0.009 -16"><span class='ocrx_word' id='word_1_149' title='bbox 304 2826 370 2877; x_wconf 77' lang='lat' dir='ltr'>It&#39;on</span> <span class='ocrx_word' id='word_1_150' title='bbox 385 2818 510 2875; x_wconf 88' lang='lat' dir='ltr'>alienum</span> <span class='ocrx_word' id='word_1_151' title='bbox 530 2826 574 2873; x_wconf 87' lang='lat' dir='ltr'>est</span> <span class='ocrx_word' id='word_1_152' title='bbox 586 2813 665 2893; x_wconf 91' lang='lat' dir='ltr'>apud</span> <span class='ocrx_word' id='word_1_153' title='bbox 680 2813 826 2873; x_wconf 79' lang='lat' dir='ltr'>stobaeum</span> <span class='ocrx_word' id='word_1_154' title='bbox 845 2812 907 2871; x_wconf 88' lang='lat' dir='ltr'>Ecl.</span> <span class='ocrx_word' id='word_1_155' title='bbox 930 2812 1014 2890; x_wconf 83' lang='lat' dir='ltr'>phys.</span> <span class='ocrx_word' id='word_1_156' title='bbox 1033 2816 1065 2882; x_wconf 90' lang='lat'>1,</span> 
     </span>
     <span class='ocr_line' id='line_1_25' title="bbox 304 2906 469 2985; baseline -0.024 -20"><span class='ocrx_word' id='word_1_157' title='bbox 304 2908 337 2979; x_wconf 79' lang='lat'>5,</span> <span class='ocrx_word' id='word_1_158' title='bbox 351 2927 379 2985; x_wconf 91' lang='lat' dir='ltr'>p.</span> <span class='ocrx_word' id='word_1_159' title='bbox 397 2906 469 2962; x_wconf 74' lang='lat'><strong>156:</strong></span> 
     </span>
    </p>
   </div>
   <div class='ocr_carea' id='block_1_9' title="bbox 301 3017 1063 3128">
    <p class='ocr_par' dir='ltr' id='par_1_10' title="bbox 301 3017 1063 3128">
     <span class='ocr_line' id='line_1_26' title="bbox 301 3017 1063 3128; baseline -0.007 -29"><span class='ocrx_word' id='word_1_160' title='bbox 301 3038 386 3119; x_wconf 71' lang='grc'><strong>[485]</strong></span> <span class='ocrx_word' id='word_1_161' title='bbox 397 3036 480 3127; x_wconf 85' lang='grc' dir='ltr'>Πρὸς</span> <span class='ocrx_word' id='word_1_162' title='bbox 489 3038 546 3109; x_wconf 81' lang='grc' dir='ltr'>πλν</span> <span class='ocrx_word' id='word_1_163' title='bbox 556 3034 689 3128; x_wconf 75' lang='grc' dir='ltr'>ἀνάγκην</span> <span class='ocrx_word' id='word_1_164' title='bbox 703 3026 767 3101; x_wconf 85' lang='grc' dir='ltr'>οὐθ’</span> <span class='ocrx_word' id='word_1_165' title='bbox 779 3017 860 3127; x_wconf 71' lang='grc' dir='ltr'>Ᾰρης</span> <span class='ocrx_word' id='word_1_166' title='bbox 872 3034 1063 3100; x_wconf 75' lang='grc' dir='ltr'>ἀνθίσταται.</span> 
     </span>
    </p>
   </div>
   <div class='ocr_carea' id='block_1_10' title="bbox 302 3161 956 3254">
    <p class='ocr_par' dir='ltr' id='par_1_11' title="bbox 302 3161 956 3254">
     <span class='ocr_line' id='line_1_27' title="bbox 302 3161 956 3254; baseline -0.006 -30"><span class='ocrx_word' id='word_1_167' title='bbox 302 3169 371 3224; x_wconf 83' lang='lat' dir='ltr'>lluc</span> <span class='ocrx_word' id='word_1_168' title='bbox 382 3165 467 3222; x_wconf 87' lang='lat' dir='ltr'>etiarn</span> <span class='ocrx_word' id='word_1_169' title='bbox 481 3163 587 3222; x_wconf 82' lang='lat' dir='ltr'>reseras</span> <span class='ocrx_word' id='word_1_170' title='bbox 599 3163 676 3254; x_wconf 83' lang='lat' dir='ltr'>apud</span> <span class='ocrx_word' id='word_1_171' title='bbox 691 3161 772 3222; x_wconf 87' lang='lat' dir='ltr'>Stob.</span> <span class='ocrx_word' id='word_1_172' title='bbox 784 3165 885 3236; x_wconf 88' lang='lat' dir='ltr'>CVIII,</span> <span class='ocrx_word' id='word_1_173' title='bbox 899 3183 931 3220; x_wconf 85' lang='lat' dir='ltr'>at</span> <span class='ocrx_word' id='word_1_174' title='bbox 948 3185 956 3220; x_wconf 90' lang='lat'>:</span> 
     </span>
    </p>
   </div>
   <div class='ocr_carea' id='block_1_11' title="bbox 300 3273 1063 3385">
    <p class='ocr_par' dir='ltr' id='par_1_12' title="bbox 300 3273 1063 3385">
     <span class='ocr_line' id='line_1_28' title="bbox 300 3273 1063 3385; baseline 0.009 -35"><span class='ocrx_word' id='word_1_175' title='bbox 300 3291 386 3373; x_wconf 78' lang='grc'><strong>[486]</strong></span> <span class='ocrx_word' id='word_1_176' title='bbox 398 3273 470 3383; x_wconf 54' lang='lat' dir='ltr'>dixu</span> <span class='ocrx_word' id='word_1_177' title='bbox 483 3294 536 3385; x_wconf 75' lang='lat' dir='ltr'>piu</span> <span class='ocrx_word' id='word_1_178' title='bbox 547 3290 674 3384; x_wconf 82' lang='grc' dir='ltr'>ἀλγείν’,</span> <span class='ocrx_word' id='word_1_179' title='bbox 686 3283 770 3376; x_wconf 78' lang='lat' dir='ltr'>cide,</span> <span class='ocrx_word' id='word_1_180' title='bbox 781 3293 938 3382; x_wconf 79' lang='grc' dir='ltr'>πειρᾶσθαι</span> <span class='ocrx_word' id='word_1_181' title='bbox 956 3283 990 3356; x_wconf 78' lang='lat' dir='ltr'>dl</span> <span class='ocrx_word' id='word_1_182' title='bbox 1006 3296 1063 3384; x_wconf 73' lang='grc' dir='ltr'>χρὴ</span> 
     </span>
    </p>
   </div>
   <div class='ocr_carea' id='block_1_12' title="bbox 394 3404 1033 3611">
    <p class='ocr_par' dir='ltr' id='par_1_13' title="bbox 394 3404 1033 3611">
     <span class='ocr_line' id='line_1_29' title="bbox 394 3404 1022 3499; baseline -0.005 -28"><span class='ocrx_word' id='word_1_183' title='bbox 394 3412 434 3484; x_wconf 84' lang='grc' dir='ltr'>ὡς</span> <span class='ocrx_word' id='word_1_184' title='bbox 453 3412 550 3499; x_wconf 78' lang='grc' dir='ltr'>ῥᾷστα</span> <span class='ocrx_word' id='word_1_185' title='bbox 566 3404 737 3497; x_wconf 84' lang='grc' dir='ltr'>τάναγκαῖα</span> <span class='ocrx_word' id='word_1_186' title='bbox 754 3414 808 3472; x_wconf 85' lang='grc' dir='ltr'>τοῦ</span> <span class='ocrx_word' id='word_1_187' title='bbox 827 3405 894 3489; x_wconf 86' lang='grc' dir='ltr'>βίου</span> <span class='ocrx_word' id='word_1_188' title='bbox 911 3407 1022 3496; x_wconf 71' lang='grc' dir='ltr'>φύρειν·</span> 
     </span>
     <span class='ocr_line' id='line_1_30' title="bbox 396 3513 1033 3611; baseline -0.005 -22"><span class='ocrx_word' id='word_1_189' title='bbox 396 3527 504 3589; x_wconf 79' lang='grc' dir='ltr'>ἐκτῶν</span> <span class='ocrx_word' id='word_1_190' title='bbox 521 3523 668 3588; x_wconf 81' lang='grc' dir='ltr'>τοιαύτεον</span> <span class='ocrx_word' id='word_1_191' title='bbox 684 3523 746 3611; x_wconf 67' lang='lat' dir='ltr'>ypsi</span> <span class='ocrx_word' id='word_1_192' title='bbox 759 3525 811 3586; x_wconf 86' lang='grc' dir='ltr'>τιν’</span> <span class='ocrx_word' id='word_1_193' title='bbox 827 3517 905 3586; x_wconf 89' lang='grc' dir='ltr'>ῖασιν</span> <span class='ocrx_word' id='word_1_194' title='bbox 917 3513 1033 3586; x_wconf 79' lang='grc' dir='ltr'>λαύεῖν.</span> 
     </span>
    </p>
   </div>
   <div class='ocr_carea' id='block_1_13' title="bbox 298 3645 1064 3813">
    <p class='ocr_par' dir='ltr' id='par_1_14' title="bbox 298 3645 1064 3813">
     <span class='ocr_line' id='line_1_31' title="bbox 298 3645 1064 3725; baseline -0.005 -17"><span class='ocrx_word' id='word_1_195' title='bbox 298 3655 336 3708; x_wconf 79' lang='lat' dir='ltr'>Et</span> <span class='ocrx_word' id='word_1_196' title='bbox 350 3649 428 3724; x_wconf 90' lang='lat' dir='ltr'>quod</span> <span class='ocrx_word' id='word_1_197' title='bbox 445 3661 488 3706; x_wconf 85' lang='lat' dir='ltr'>est</span> <span class='ocrx_word' id='word_1_198' title='bbox 504 3647 580 3725; x_wconf 88' lang='lat' dir='ltr'>apud</span> <span class='ocrx_word' id='word_1_199' title='bbox 605 3645 779 3705; x_wconf 86' lang='lat' dir='ltr'>Brunckium</span> <span class='ocrx_word' id='word_1_200' title='bbox 800 3667 836 3704; x_wconf 84' lang='lat' dir='ltr'>ex</span> <span class='ocrx_word' id='word_1_201' title='bbox 859 3645 942 3704; x_wconf 85' lang='lat' dir='ltr'>Stob.</span> <span class='ocrx_word' id='word_1_202' title='bbox 957 3649 1064 3712; x_wconf 84' lang='lat' dir='ltr'>CVIII,</span> 
     </span>
     <span class='ocr_line' id='line_1_32' title="bbox 300 3735 816 3813; baseline -0.004 -18"><span class='ocrx_word' id='word_1_203' title='bbox 300 3743 339 3795; x_wconf 76' lang='lat' dir='ltr'>ai</span> <span class='ocrx_word' id='word_1_204' title='bbox 354 3739 423 3812; x_wconf 69' lang='lat' dir='ltr'>tsine</span> <span class='ocrx_word' id='word_1_205' title='bbox 437 3737 554 3796; x_wconf 84' lang='lat' dir='ltr'>nomine</span> <span class='ocrx_word' id='word_1_206' title='bbox 564 3735 663 3813; x_wconf 80' lang='lat' dir='ltr'>poetar)</span> <span class='ocrx_word' id='word_1_207' title='bbox 676 3735 795 3792; x_wconf 89' lang='lat' dir='ltr'>citatum</span> <span class='ocrx_word' id='word_1_208' title='bbox 809 3757 816 3793; x_wconf 89' lang='lat'>:</span> 
     </span>
    </p>
   </div>
   <div class='ocr_carea' id='block_1_14' title="bbox 297 3858 1010 4181">
    <p class='ocr_par' dir='ltr' id='par_1_15' title="bbox 297 3858 1010 4181">
     <span class='ocr_line' id='line_1_33' title="bbox 297 3858 1010 3966; baseline 0.006 -40"><span class='ocrx_word' id='word_1_209' title='bbox 297 3865 383 3948; x_wconf 76' lang='grc'><strong>[487]</strong></span> <span class='ocrx_word' id='word_1_210' title='bbox 401 3865 530 3928; x_wconf 78' lang='grc' dir='ltr'>Πάντων</span> <span class='ocrx_word' id='word_1_211' title='bbox 543 3859 666 3954; x_wconf 87' lang='grc' dir='ltr'>οῖριστον</span> <span class='ocrx_word' id='word_1_212' title='bbox 684 3867 725 3966; x_wconf 63' lang='lat' dir='ltr'>ph</span> <span class='ocrx_word' id='word_1_213' title='bbox 745 3858 900 3947; x_wconf 78' lang='grc' dir='ltr'>βιάζεσθαι</span> <span class='ocrx_word' id='word_1_214' title='bbox 916 3863 1010 3949; x_wconf 87' lang='grc' dir='ltr'>θεοὺς,</span> 
     </span>
     <span class='ocr_line' id='line_1_34' title="bbox 298 3969 1001 4071; baseline 0.006 -31"><span class='ocrx_word' id='word_1_215' title='bbox 298 3981 433 4071; x_wconf 81' lang='grc' dir='ltr'>στέργειν</span> <span class='ocrx_word' id='word_1_216' title='bbox 447 3969 482 4044; x_wconf 82' lang='grc' dir='ltr'>δὲ</span> <span class='ocrx_word' id='word_1_217' title='bbox 494 3984 611 4068; x_wconf 81' lang='grc' dir='ltr'>μοῖραν·</span> <span class='ocrx_word' id='word_1_218' title='bbox 629 3986 690 4042; x_wconf 85' lang='grc' dir='ltr'>τῶν</span> <span class='ocrx_word' id='word_1_219' title='bbox 707 3976 869 4068; x_wconf 72' lang='grc' dir='ltr'>ἀμηχάνων</span> <span class='ocrx_word' id='word_1_220' title='bbox 887 3969 918 4042; x_wconf 85' lang='grc' dir='ltr'>θ’</span> <span class='ocrx_word' id='word_1_221' title='bbox 930 3979 1001 4069; x_wconf 84' lang='grc' dir='ltr'>ῖρυις</span> 
     </span>
     <span class='ocr_line' id='line_1_35' title="bbox 299 4091 958 4181; baseline 0 -26"><span class='ocrx_word' id='word_1_222' title='bbox 299 4093 431 4168; x_wconf 76' lang='grc' dir='ltr'>πολλοὺς</span> <span class='ocrx_word' id='word_1_223' title='bbox 443 4091 528 4164; x_wconf 79' lang='grc' dir='ltr'>ἔθηκε</span> <span class='ocrx_word' id='word_1_224' title='bbox 542 4099 596 4158; x_wconf 82' lang='grc' dir='ltr'>τοῦ</span> <span class='ocrx_word' id='word_1_225' title='bbox 613 4091 762 4180; x_wconf 86' lang='grc' dir='ltr'>παρόντος</span> <span class='ocrx_word' id='word_1_226' title='bbox 774 4093 958 4181; x_wconf 76' lang='grc' dir='ltr'>σῖμπλακεῖν.</span> 
     </span>
    </p>
   </div>
   <div class='ocr_carea' id='block_1_15' title="bbox 296 4278 1062 5531">
    <p class='ocr_par' dir='ltr' id='par_1_16' title="bbox 296 4278 1062 5531">
     <span class='ocr_line' id='line_1_36' title="bbox 298 4278 1062 4421; baseline 0 -15"><span class='ocrx_word' id='word_1_227' title='bbox 298 4278 736 4421; x_wconf 69' lang='lat' dir='ltr'>Sapiensenimnemoestnisibui</span> <span class='ocrx_word' id='word_1_228' title='bbox 744 4349 948 4407; x_wconf 87' lang='lat' dir='ltr'>deushoaorem</span> <span class='ocrx_word' id='word_1_229' title='bbox 956 4350 1062 4408; x_wconf 90' lang='lat' dir='ltr'>tribuit.</span> 
     </span>
     <span class='ocr_line' id='line_1_37' title="bbox 298 4426 984 4502; baseline 0.004 -18"><span class='ocrx_word' id='word_1_230' title='bbox 298 4426 417 4484; x_wconf 78' lang='lat' dir='ltr'>at⁰deos</span> <span class='ocrx_word' id='word_1_231' title='bbox 430 4437 608 4494; x_wconf 78' lang='lat' dir='ltr'>reverentem,</span> <span class='ocrx_word' id='word_1_232' title='bbox 622 4430 706 4486; x_wconf 85' lang='lat' dir='ltr'>etiarn</span> <span class='ocrx_word' id='word_1_233' title='bbox 721 4431 818 4502; x_wconf 81' lang='lat' dir='ltr'>etquis</span> <span class='ocrx_word' id='word_1_234' title='bbox 832 4431 984 4502; x_wconf 81' lang='lat' dir='ltr'>praeterjus</span> 
     </span>
     <span class='ocr_line' id='line_1_38' title="bbox 298 4507 693 4580; baseline 0 -18"><span class='ocrx_word' id='word_1_235' title='bbox 298 4510 341 4564; x_wconf 87' lang='lat' dir='ltr'>ire</span> <span class='ocrx_word' id='word_1_236' title='bbox 351 4507 464 4579; x_wconf 83' lang='lat' dir='ltr'>jubeat,</span> <span class='ocrx_word' id='word_1_237' title='bbox 478 4523 511 4564; x_wconf 85' lang='lat' dir='ltr'>eo</span> <span class='ocrx_word' id='word_1_238' title='bbox 523 4508 563 4564; x_wconf 89' lang='lat' dir='ltr'>ire</span> <span class='ocrx_word' id='word_1_239' title='bbox 576 4517 693 4580; x_wconf 87' lang='lat' dir='ltr'>oportet.</span> 
     </span>
     <span class='ocr_line' id='line_1_39' title="bbox 296 4585 882 4660; baseline -0.005 -17"><span class='ocrx_word' id='word_1_240' title='bbox 296 4591 393 4660; x_wconf 85' lang='lat' dir='ltr'>Turpe</span> <span class='ocrx_word' id='word_1_241' title='bbox 406 4589 479 4644; x_wconf 89' lang='lat' dir='ltr'>enim</span> <span class='ocrx_word' id='word_1_242' title='bbox 492 4588 561 4643; x_wconf 87' lang='lat' dir='ltr'>nihii</span> <span class='ocrx_word' id='word_1_243' title='bbox 574 4597 633 4654; x_wconf 87' lang='lat' dir='ltr'>est,</span> <span class='ocrx_word' id='word_1_244' title='bbox 648 4603 704 4660; x_wconf 89' lang='lat' dir='ltr'>quo</span> <span class='ocrx_word' id='word_1_245' title='bbox 717 4585 754 4643; x_wconf 81' lang='lat' dir='ltr'>dii</span> <span class='ocrx_word' id='word_1_246' title='bbox 769 4587 882 4643; x_wconf 85' lang='lat' dir='ltr'>ducant.</span> 
     </span>
     <span class='ocr_line' id='line_1_40' title="bbox 374 4677 918 4820; baseline -0.004 -17"><span class='ocrx_word' id='word_1_247' title='bbox 374 4747 535 4804; x_wconf 75' lang='lat' dir='ltr'>Necessitati</span> <span class='ocrx_word' id='word_1_248' title='bbox 546 4763 582 4804; x_wconf 87' lang='lat' dir='ltr'>ac</span> <span class='ocrx_word' id='word_1_249' title='bbox 594 4677 793 4820; x_wconf 58' lang='lat' dir='ltr'>Itaritgdtiidem</span> <span class='ocrx_word' id='word_1_250' title='bbox 805 4748 918 4804; x_wconf 86' lang='lat' dir='ltr'>resistit.</span> 
     </span>
     <span class='ocr_line' id='line_1_41' title="bbox 337 4834 1019 4978; baseline 0.004 -19"><span class='ocrx_word' id='word_1_251' title='bbox 337 4907 390 4962; x_wconf 78' lang='lat' dir='ltr'>Est</span> <span class='ocrx_word' id='word_1_252' title='bbox 399 4904 510 4978; x_wconf 86' lang='lat' dir='ltr'>quidem</span> <span class='ocrx_word' id='word_1_253' title='bbox 521 4921 621 4978; x_wconf 82' lang='lat' dir='ltr'>graie,</span> <span class='ocrx_word' id='word_1_254' title='bbox 636 4834 712 4971; x_wconf 71' lang='lat' dir='ltr'>sill,</span> <span class='ocrx_word' id='word_1_255' title='bbox 725 4904 773 4962; x_wconf 89' lang='lat' dir='ltr'>sed</span> <span class='ocrx_word' id='word_1_256' title='bbox 786 4903 947 4962; x_wconf 75' lang='lat' dir='ltr'>teaundum</span> <span class='ocrx_word' id='word_1_257' title='bbox 960 4913 1019 4968; x_wconf 86' lang='lat' dir='ltr'>est.</span> 
     </span>
     <span class='ocr_line' id='line_1_42' title="bbox 337 4983 983 5054; baseline 0.002 -14"><span class='ocrx_word' id='word_1_258' title='bbox 337 4992 464 5054; x_wconf 88' lang='lat' dir='ltr'>utquam</span> <span class='ocrx_word' id='word_1_259' title='bbox 478 4983 606 5040; x_wconf 79' lang='lat' dir='ltr'>facillime</span> <span class='ocrx_word' id='word_1_260' title='bbox 620 4987 682 5042; x_wconf 82' lang='lat' dir='ltr'>vitae</span> <span class='ocrx_word' id='word_1_261' title='bbox 695 5001 834 5042; x_wconf 81' lang='lat' dir='ltr'>aerumnas</span> <span class='ocrx_word' id='word_1_262' title='bbox 847 4985 983 5052; x_wconf 83' lang='lat' dir='ltr'>seramus;</span> 
     </span>
     <span class='ocr_line' id='line_1_43' title="bbox 336 5063 907 5136; baseline 0 -18"><span class='ocrx_word' id='word_1_263' title='bbox 336 5079 370 5118; x_wconf 86' lang='lat' dir='ltr'>ex</span> <span class='ocrx_word' id='word_1_264' title='bbox 381 5063 416 5118; x_wconf 81' lang='lat' dir='ltr'>ils</span> <span class='ocrx_word' id='word_1_265' title='bbox 427 5066 499 5119; x_wconf 88' lang='lat' dir='ltr'>enim</span> <span class='ocrx_word' id='word_1_266' title='bbox 513 5064 645 5120; x_wconf 88' lang='lat' dir='ltr'>medelam</span> <span class='ocrx_word' id='word_1_267' title='bbox 659 5079 754 5136; x_wconf 87' lang='lat' dir='ltr'>capere</span> <span class='ocrx_word' id='word_1_268' title='bbox 765 5063 907 5120; x_wconf 85' lang='lat' dir='ltr'>debemus.</span> 
     </span>
     <span class='ocr_line' id='line_1_44' title="bbox 300 5147 921 5293; baseline -0.002 -16"><span class='ocrx_word' id='word_1_269' title='bbox 300 5225 336 5278; x_wconf 94' lang='lat' dir='ltr'>In</span> <span class='ocrx_word' id='word_1_270' title='bbox 349 5218 453 5276; x_wconf 84' lang='lat' dir='ltr'>eoelites</span> <span class='ocrx_word' id='word_1_271' title='bbox 467 5219 521 5276; x_wconf 76' lang='lat' dir='ltr'>nm</span> <span class='ocrx_word' id='word_1_272' title='bbox 538 5237 593 5276; x_wconf 92' lang='lat' dir='ltr'>non</span> <span class='ocrx_word' id='word_1_273' title='bbox 609 5147 757 5293; x_wconf 59' lang='lat' dir='ltr'>parili&#39;est</span> <span class='ocrx_word' id='word_1_274' title='bbox 769 5221 921 5293; x_wconf 88' lang='lat' dir='ltr'>optimum,</span> 
     </span>
     <span class='ocr_line' id='line_1_45' title="bbox 300 5299 1060 5373; baseline 0.001 -17"><span class='ocrx_word' id='word_1_275' title='bbox 300 5299 352 5356; x_wconf 88' lang='lat' dir='ltr'>sed</span> <span class='ocrx_word' id='word_1_276' title='bbox 371 5307 532 5356; x_wconf 85' lang='lat' dir='ltr'>contentum</span> <span class='ocrx_word' id='word_1_277' title='bbox 545 5308 620 5356; x_wconf 83' lang='lat' dir='ltr'>sorte</span> <span class='ocrx_word' id='word_1_278' title='bbox 632 5315 682 5357; x_wconf 88' lang='lat' dir='ltr'>sua</span> <span class='ocrx_word' id='word_1_279' title='bbox 696 5317 773 5367; x_wconf 77' lang='lat' dir='ltr'>esse3</span> <span class='ocrx_word' id='word_1_280' title='bbox 793 5302 841 5373; x_wconf 85' lang='lat' dir='ltr'>qui</span> <span class='ocrx_word' id='word_1_281' title='bbox 859 5317 920 5372; x_wconf 67' lang='lat' dir='ltr'>qaae</span> <span class='ocrx_word' id='word_1_282' title='bbox 937 5301 994 5357; x_wconf 84' lang='lat' dir='ltr'>fieri</span> <span class='ocrx_word' id='word_1_283' title='bbox 1012 5317 1060 5357; x_wconf 89' lang='lat' dir='ltr'>ae·</span> 
     </span>
     <span class='ocr_line' id='line_1_46' title="bbox 698 5389 902 5452; baseline 0.005 -17"><span class='ocrx_word' id='word_1_284' title='bbox 698 5389 800 5452; x_wconf 88' lang='lat' dir='ltr'>queant</span> <span class='ocrx_word' id='word_1_285' title='bbox 812 5390 902 5446; x_wconf 86' lang='lat' dir='ltr'>amat,</span> 
     </span>
     <span class='ocr_line' id='line_1_47' title="bbox 301 5455 794 5531; baseline 0 -19"><span class='ocrx_word' id='word_1_286' title='bbox 301 5474 376 5531; x_wconf 72' lang='lat' dir='ltr'>saepe</span> <span class='ocrx_word' id='word_1_287' title='bbox 385 5455 469 5514; x_wconf 85' lang='lat' dir='ltr'>etiam</span> <span class='ocrx_word' id='word_1_288' title='bbox 483 5459 585 5529; x_wconf 89' lang='lat' dir='ltr'>paratis</span> <span class='ocrx_word' id='word_1_289' title='bbox 597 5457 677 5515; x_wconf 89' lang='lat' dir='ltr'>rebus</span> <span class='ocrx_word' id='word_1_290' title='bbox 688 5459 794 5516; x_wconf 79' lang='lat' dir='ltr'>excidit.</span> 
     </span>
    </p>
   </div>
   <div class='ocr_carea' id='block_1_16' title="bbox 1118 1016 1845 1113">
    <p class='ocr_par' dir='ltr' id='par_1_17' title="bbox 1118 1016 1845 1113">
     <span class='ocr_line' id='line_1_48' title="bbox 1118 1016 1845 1113; baseline 0.004 -31"><span class='ocrx_word' id='word_1_291' title='bbox 1118 1024 1200 1103; x_wconf 90' lang='grc'><strong>[488]</strong></span> <span class='ocrx_word' id='word_1_292' title='bbox 1217 1018 1334 1111; x_wconf 75' lang='grc' dir='ltr'>Καίπερ</span> <span class='ocrx_word' id='word_1_293' title='bbox 1350 1022 1445 1112; x_wconf 79' lang='grc' dir='ltr'>γέρων</span> <span class='ocrx_word' id='word_1_294' title='bbox 1462 1024 1500 1085; x_wconf 85' lang='grc' dir='ltr'>ὢν</span> <span class='ocrx_word' id='word_1_295' title='bbox 1515 1016 1594 1086; x_wconf 74' lang='grc' dir='ltr'>ἀλλὰ</span> <span class='ocrx_word' id='word_1_296' title='bbox 1611 1030 1655 1105; x_wconf 82' lang='grc' dir='ltr'>τῷ</span> <span class='ocrx_word' id='word_1_297' title='bbox 1671 1022 1749 1113; x_wconf 75' lang='grc' dir='ltr'>γήρᾳ</span> <span class='ocrx_word' id='word_1_298' title='bbox 1763 1026 1845 1109; x_wconf 79' lang='grc' dir='ltr'>φιλεῖ</span> 
     </span>
    </p>
   </div>
   <div class='ocr_carea' id='block_1_17' title="bbox 1197 1125 1875 1225">
    <p class='ocr_par' dir='ltr' id='par_1_18' title="bbox 1197 1125 1875 1225">
     <span class='ocr_line' id='line_1_49' title="bbox 1197 1125 1875 1225; baseline -0.004 -26"><span class='ocrx_word' id='word_1_299' title='bbox 1197 1141 1244 1225; x_wconf 76' lang='grc' dir='ltr'>χώ</span> <span class='ocrx_word' id='word_1_300' title='bbox 1257 1143 1324 1212; x_wconf 81' lang='grc' dir='ltr'>νοῦς</span> <span class='ocrx_word' id='word_1_301' title='bbox 1341 1140 1483 1225; x_wconf 76' lang='grc' dir='ltr'>ὁμαρτεῖν</span> <span class='ocrx_word' id='word_1_302' title='bbox 1497 1133 1548 1199; x_wconf 87' lang='grc' dir='ltr'>καὶ</span> <span class='ocrx_word' id='word_1_303' title='bbox 1564 1136 1600 1201; x_wconf 86' lang='grc' dir='ltr'>τὸ</span> <span class='ocrx_word' id='word_1_304' title='bbox 1617 1136 1765 1218; x_wconf 81' lang='grc' dir='ltr'>βουλεύειν</span> <span class='ocrx_word' id='word_1_305' title='bbox 1782 1128 1802 1199; x_wconf 84' lang='lat' dir='ltr'>ci</span> <span class='ocrx_word' id='word_1_306' title='bbox 1819 1125 1875 1197; x_wconf 86' lang='grc' dir='ltr'>θεῖ.</span> 
     </span>
    </p>
   </div>
   <div class='ocr_carea' id='block_1_18' title="bbox 1118 1269 1880 1349">
    <p class='ocr_par' dir='ltr' id='par_1_19' title="bbox 1118 1269 1880 1349">
     <span class='ocr_line' id='line_1_50' title="bbox 1118 1269 1880 1349; baseline -0.005 -17"><span class='ocrx_word' id='word_1_307' title='bbox 1118 1272 1258 1349; x_wconf 83' lang='lat' dir='ltr'>Thyestes</span> <span class='ocrx_word' id='word_1_308' title='bbox 1271 1272 1391 1330; x_wconf 84' lang='lat' dir='ltr'>sortasse</span> <span class='ocrx_word' id='word_1_309' title='bbox 1402 1270 1550 1349; x_wconf 85' lang='lat' dir='ltr'>respondit</span> <span class='ocrx_word' id='word_1_310' title='bbox 1560 1290 1673 1328; x_wconf 88' lang='lat' dir='ltr'>errores</span> <span class='ocrx_word' id='word_1_311' title='bbox 1688 1269 1741 1328; x_wconf 88' lang='lat' dir='ltr'>sibi</span> <span class='ocrx_word' id='word_1_312' title='bbox 1754 1272 1880 1348; x_wconf 87' lang='lat' dir='ltr'>potiores</span> 
     </span>
    </p>
   </div>
   <div class='ocr_carea' id='block_1_19' title="bbox 1119 1360 1883 1527">
    <p class='ocr_par' dir='ltr' id='par_1_20' title="bbox 1119 1360 1883 1527">
     <span class='ocr_line' id='line_1_51' title="bbox 1119 1360 1879 1438; baseline -0.004 -19"><span class='ocrx_word' id='word_1_313' title='bbox 1119 1382 1180 1420; x_wconf 88' lang='lat' dir='ltr'>esse</span> <span class='ocrx_word' id='word_1_314' title='bbox 1195 1363 1239 1419; x_wconf 89' lang='lat' dir='ltr'>vel</span> <span class='ocrx_word' id='word_1_315' title='bbox 1262 1362 1317 1419; x_wconf 85' lang='lat' dir='ltr'>iter</span> <span class='ocrx_word' id='word_1_316' title='bbox 1341 1364 1371 1420; x_wconf 90' lang='lat' dir='ltr'>in</span> <span class='ocrx_word' id='word_1_317' title='bbox 1393 1362 1513 1438; x_wconf 80' lang='lat' dir='ltr'>Lydiam</span> <span class='ocrx_word' id='word_1_318' title='bbox 1535 1380 1620 1437; x_wconf 91' lang='lat' dir='ltr'>quam</span> <span class='ocrx_word' id='word_1_319' title='bbox 1641 1360 1764 1417; x_wconf 89' lang='lat' dir='ltr'>reditum</span> <span class='ocrx_word' id='word_1_320' title='bbox 1781 1367 1879 1436; x_wconf 80' lang='lat' dir='ltr'>Argos.</span> 
     </span>
     <span class='ocr_line' id='line_1_52' title="bbox 1120 1448 1883 1527; baseline -0.004 -19"><span class='ocrx_word' id='word_1_321' title='bbox 1120 1456 1162 1508; x_wconf 87' lang='lat' dir='ltr'>Ita</span> <span class='ocrx_word' id='word_1_322' title='bbox 1191 1462 1309 1527; x_wconf 80' lang='lat' dir='ltr'>rogatur</span> <span class='ocrx_word' id='word_1_323' title='bbox 1333 1463 1366 1508; x_wconf 93' lang='lat' dir='ltr'>ut</span> <span class='ocrx_word' id='word_1_324' title='bbox 1391 1463 1517 1527; x_wconf 84' lang='lat' dir='ltr'>exponat</span> <span class='ocrx_word' id='word_1_325' title='bbox 1551 1469 1623 1527; x_wconf 91' lang='lat' dir='ltr'>quas</span> <span class='ocrx_word' id='word_1_326' title='bbox 1649 1462 1739 1507; x_wconf 87' lang='lat' dir='ltr'>terras</span> <span class='ocrx_word' id='word_1_327' title='bbox 1768 1448 1883 1507; x_wconf 77' lang='lat' dir='ltr'>adierit.</span> 
     </span>
    </p>
   </div>
   <div class='ocr_carea' id='block_1_20' title="bbox 1120 1536 1385 1606">
    <p class='ocr_par' dir='ltr' id='par_1_21' title="bbox 1120 1536 1385 1606">
     <span class='ocr_line' id='line_1_53' title="bbox 1120 1536 1385 1606; baseline 0.004 -11"><span class='ocrx_word' id='word_1_328' title='bbox 1120 1539 1202 1597; x_wconf 88' lang='lat' dir='ltr'>Stob.</span> <span class='ocrx_word' id='word_1_329' title='bbox 1215 1536 1324 1606; x_wconf 86' lang='lat' dir='ltr'>CXIII,</span> <span class='ocrx_word' id='word_1_330' title='bbox 1339 1555 1385 1596; x_wconf 82' lang='lat' dir='ltr'>aa.</span> 
     </span>
    </p>
   </div>
   <div class='ocr_carea' id='block_1_21' title="bbox 1119 1662 1838 1870">
    <p class='ocr_par' dir='ltr' id='par_1_22' title="bbox 1119 1662 1838 1870">
     <span class='ocr_line' id='line_1_54' title="bbox 1119 1662 1801 1775; baseline -0.001 -31"><span class='ocrx_word' id='word_1_331' title='bbox 1119 1684 1202 1763; x_wconf 82' lang='grc'><strong>[488]</strong></span> <span class='ocrx_word' id='word_1_332' title='bbox 1217 1662 1327 1748; x_wconf 64' lang='lat' dir='ltr'>lirrosa</span> <span class='ocrx_word' id='word_1_333' title='bbox 1343 1680 1400 1773; x_wconf 79' lang='grc' dir='ltr'>γαίρ</span> <span class='ocrx_word' id='word_1_334' title='bbox 1416 1706 1463 1760; x_wconf 88' lang='grc' dir='ltr'>τις</span> <span class='ocrx_word' id='word_1_335' title='bbox 1479 1684 1530 1746; x_wconf 83' lang='grc' dir='ltr'>καὶ</span> <span class='ocrx_word' id='word_1_336' title='bbox 1544 1682 1678 1775; x_wconf 86' lang='grc' dir='ltr'>λύγοισιν</span> <span class='ocrx_word' id='word_1_337' title='bbox 1690 1672 1801 1764; x_wconf 62' lang='lat' dir='ltr'>aldam,</span> 
     </span>
     <span class='ocr_line' id='line_1_55' title="bbox 1213 1796 1838 1870; baseline -0.003 -9"><span class='ocrx_word' id='word_1_338' title='bbox 1213 1796 1306 1870; x_wconf 66' lang='lat' dir='ltr'>idias</span> <span class='ocrx_word' id='word_1_339' title='bbox 1324 1798 1398 1861; x_wconf 85' lang='grc' dir='ltr'>ὅταν</span> <span class='ocrx_word' id='word_1_340' title='bbox 1415 1806 1523 1863; x_wconf 83' lang='grc' dir='ltr'>ποιῶσι</span> <span class='ocrx_word' id='word_1_341' title='bbox 1541 1806 1600 1861; x_wconf 88' lang='grc' dir='ltr'>τῶν</span> <span class='ocrx_word' id='word_1_342' title='bbox 1616 1796 1711 1861; x_wconf 82' lang='grc' dir='ltr'>ὄντων</span> <span class='ocrx_word' id='word_1_343' title='bbox 1727 1806 1838 1861; x_wconf 82' lang='grc' dir='ltr'>κακῶν.</span> 
     </span>
    </p>
   </div>
   <div class='ocr_carea' id='block_1_22' title="bbox 1118 1944 1879 2290">
    <p class='ocr_par' dir='ltr' id='par_1_23' title="bbox 1118 1944 1879 2290">
     <span class='ocr_line' id='line_1_56' title="bbox 1120 1944 1878 2025; baseline -0.004 -21"><span class='ocrx_word' id='word_1_344' title='bbox 1120 1947 1256 2025; x_wconf 86' lang='lat' dir='ltr'>Sequitur</span> <span class='ocrx_word' id='word_1_345' title='bbox 1271 1946 1415 2019; x_wconf 88' lang='lat' dir='ltr'>narratio,</span> <span class='ocrx_word' id='word_1_346' title='bbox 1430 1944 1512 2022; x_wconf 86' lang='lat' dir='ltr'>cujus</span> <span class='ocrx_word' id='word_1_347' title='bbox 1526 1960 1636 2025; x_wconf 88' lang='lat' dir='ltr'>partem</span> <span class='ocrx_word' id='word_1_348' title='bbox 1657 1946 1808 2005; x_wconf 81' lang='lat' dir='ltr'>scholiasta</span> <span class='ocrx_word' id='word_1_349' title='bbox 1821 1950 1878 2003; x_wconf 84' lang='lat' dir='ltr'>En-</span> 
     </span>
     <span class='ocr_line' id='line_1_57' title="bbox 1119 2031 1879 2115; baseline -0.004 -22"><span class='ocrx_word' id='word_1_350' title='bbox 1119 2035 1222 2113; x_wconf 88' lang='lat' dir='ltr'>ripidis</span> <span class='ocrx_word' id='word_1_351' title='bbox 1237 2034 1273 2093; x_wconf 86' lang='lat' dir='ltr'>ad</span> <span class='ocrx_word' id='word_1_352' title='bbox 1290 2035 1387 2093; x_wconf 84' lang='lat' dir='ltr'>Phoen.</span> <span class='ocrx_word' id='word_1_353' title='bbox 1407 2054 1462 2106; x_wconf 72' lang='grc' dir='ltr'>οη</span> <span class='ocrx_word' id='word_1_354' title='bbox 1488 2036 1612 2093; x_wconf 85' lang='lat' dir='ltr'>servavit</span> <span class='ocrx_word' id='word_1_355' title='bbox 1625 2056 1632 2088; x_wconf 79' lang='grc' dir='ltr'>ε</span> <span class='ocrx_word' id='word_1_356' title='bbox 1647 2036 1783 2115; x_wconf 72' lang='grc' dir='ltr'>Σοφοκλῆς</span> <span class='ocrx_word' id='word_1_357' title='bbox 1804 2031 1831 2091; x_wconf 74' lang='lat' dir='ltr'>dl</span> <span class='ocrx_word' id='word_1_358' title='bbox 1854 2036 1879 2091; x_wconf 76' lang='grc' dir='ltr'>ἐν</span> 
     </span>
     <span class='ocr_line' id='line_1_58' title="bbox 1119 2120 1877 2203; baseline -0.007 -21"><span class='ocrx_word' id='word_1_359' title='bbox 1119 2120 1226 2200; x_wconf 78' lang='grc' dir='ltr'>Θνύοτῃ</span> <span class='ocrx_word' id='word_1_360' title='bbox 1238 2124 1335 2199; x_wconf 76' lang='grc' dir='ltr'>ἱστορεῖ</span> <span class='ocrx_word' id='word_1_361' title='bbox 1349 2120 1394 2179; x_wconf 83' lang='grc' dir='ltr'>καὶ</span> <span class='ocrx_word' id='word_1_362' title='bbox 1410 2122 1472 2203; x_wconf 84' lang='grc' dir='ltr'>παρ’</span> <span class='ocrx_word' id='word_1_363' title='bbox 1487 2121 1630 2181; x_wconf 66' lang='lat' dir='ltr'>briderium</span> <span class='ocrx_word' id='word_1_364' title='bbox 1650 2124 1743 2197; x_wconf 79' lang='grc' dir='ltr'>ὁμοίαν</span> <span class='ocrx_word' id='word_1_365' title='bbox 1762 2120 1877 2199; x_wconf 80' lang='grc' dir='ltr'>ἄμπελοι</span> 
     </span>
     <span class='ocr_line' id='line_1_59' title="bbox 1118 2201 1640 2290; baseline -0.002 -21"><span class='ocrx_word' id='word_1_366' title='bbox 1118 2201 1185 2269; x_wconf 74' lang='grc' dir='ltr'>εἶναι</span> <span class='ocrx_word' id='word_1_367' title='bbox 1197 2214 1230 2290; x_wconf 82' lang='grc' dir='ltr'>τῇ</span> <span class='ocrx_word' id='word_1_368' title='bbox 1244 2212 1271 2267; x_wconf 74' lang='grc' dir='ltr'>ἐν</span> <span class='ocrx_word' id='word_1_369' title='bbox 1288 2212 1432 2290; x_wconf 82' lang='grc' dir='ltr'>Παρνασῷ,</span> <span class='ocrx_word' id='word_1_370' title='bbox 1444 2210 1528 2289; x_wconf 84' lang='grc' dir='ltr'>λε’γυιν</span> <span class='ocrx_word' id='word_1_371' title='bbox 1542 2208 1640 2276; x_wconf 77' lang='grc' dir='ltr'>οὕτως·</span> 
     </span>
    </p>
   </div>
   <div class='ocr_carea' id='block_1_23' title="bbox 1221 2338 1880 3259">
    <p class='ocr_par' dir='ltr' id='par_1_24' title="bbox 1221 2338 1880 3259">
     <span class='ocr_line' id='line_1_60' title="bbox 1408 2338 1828 2451; baseline 0.005 -32"><span class='ocrx_word' id='word_1_372' title='bbox 1408 2361 1490 2443; x_wconf 87' lang='grc'><strong>[480]</strong></span> <span class='ocrx_word' id='word_1_373' title='bbox 1504 2338 1581 2423; x_wconf 68' lang='lat' dir='ltr'>diora</span> <span class='ocrx_word' id='word_1_374' title='bbox 1593 2358 1649 2451; x_wconf 74' lang='grc' dir='ltr'>γάρ</span> <span class='ocrx_word' id='word_1_375' title='bbox 1665 2382 1711 2435; x_wconf 92' lang='grc' dir='ltr'>τις</span> <span class='ocrx_word' id='word_1_376' title='bbox 1726 2356 1828 2422; x_wconf 82' lang='grc' dir='ltr'>ἐναλία</span> 
     </span>
     <span class='ocr_line' id='line_1_61' title="bbox 1223 2464 1827 2565; baseline -0.012 -23"><span class='ocrx_word' id='word_1_377' title='bbox 1223 2483 1277 2565; x_wconf 76' lang='grc' dir='ltr'>γῆς</span> <span class='ocrx_word' id='word_1_378' title='bbox 1295 2467 1450 2551; x_wconf 73' lang='grc' dir='ltr'>Εὺύοεύας·</span> <span class='ocrx_word' id='word_1_379' title='bbox 1465 2464 1540 2565; x_wconf 62' lang='lat' dir='ltr'>taidi</span> <span class='ocrx_word' id='word_1_380' title='bbox 1556 2474 1699 2563; x_wconf 76' lang='grc' dir='ltr'>Βάκχειος</span> <span class='ocrx_word' id='word_1_381' title='bbox 1718 2470 1827 2559; x_wconf 78' lang='grc' dir='ltr'>βύτρυς</span> 
     </span>
     <span class='ocr_line' id='line_1_62' title="bbox 1223 2584 1880 2680; baseline -0.006 -25"><span class='ocrx_word' id='word_1_382' title='bbox 1223 2590 1269 2655; x_wconf 72' lang='grc' dir='ltr'>ἐπ’</span> <span class='ocrx_word' id='word_1_383' title='bbox 1282 2584 1364 2679; x_wconf 76' lang='grc' dir='ltr'>ἦμαρ</span> <span class='ocrx_word' id='word_1_384' title='bbox 1377 2590 1469 2678; x_wconf 75' lang='grc' dir='ltr'>ἕρπει·</span> <span class='ocrx_word' id='word_1_385' title='bbox 1486 2598 1595 2680; x_wconf 83' lang='grc' dir='ltr'>πρῶτα</span> <span class='ocrx_word' id='word_1_386' title='bbox 1612 2588 1664 2679; x_wconf 75' lang='grc' dir='ltr'>μὲν</span> <span class='ocrx_word' id='word_1_387' title='bbox 1679 2590 1824 2675; x_wconf 81' lang='grc' dir='ltr'>λαμπροῖς</span> <span class='ocrx_word' id='word_1_388' title='bbox 1841 2590 1880 2651; x_wconf 79' lang='grc' dir='ltr'>ἕω</span> 
     </span>
     <span class='ocr_line' id='line_1_63' title="bbox 1223 2694 1827 2793; baseline -0.008 -23"><span class='ocrx_word' id='word_1_389' title='bbox 1223 2702 1462 2793; x_wconf 77' lang='grc' dir='ltr'>κεκλημοίτωται</span> <span class='ocrx_word' id='word_1_390' title='bbox 1477 2710 1574 2793; x_wconf 77' lang='grc' dir='ltr'>χῶρος</span> <span class='ocrx_word' id='word_1_391' title='bbox 1591 2702 1708 2779; x_wconf 88' lang='grc' dir='ltr'>ευανθες</span> <span class='ocrx_word' id='word_1_392' title='bbox 1722 2694 1827 2791; x_wconf 68' lang='lat' dir='ltr'>depae·</span> 
     </span>
     <span class='ocr_line' id='line_1_64' title="bbox 1224 2809 1863 2907; baseline -0.005 -27"><span class='ocrx_word' id='word_1_393' title='bbox 1224 2811 1278 2880; x_wconf 83' lang='lat' dir='ltr'>elr&#39;</span> <span class='ocrx_word' id='word_1_394' title='bbox 1293 2814 1374 2907; x_wconf 74' lang='grc' dir='ltr'>ἦμαρ</span> <span class='ocrx_word' id='word_1_395' title='bbox 1390 2809 1472 2891; x_wconf 72' lang='grc' dir='ltr'>αὔξει</span> <span class='ocrx_word' id='word_1_396' title='bbox 1488 2816 1598 2907; x_wconf 81' lang='grc' dir='ltr'>ριέσσον</span> <span class='ocrx_word' id='word_1_397' title='bbox 1615 2814 1751 2905; x_wconf 86' lang='grc' dir='ltr'>ύμρακος</span> <span class='ocrx_word' id='word_1_398' title='bbox 1768 2816 1863 2879; x_wconf 88' lang='grc' dir='ltr'>τύπον</span> 
     </span>
     <span class='ocr_line' id='line_1_65' title="bbox 1223 2937 1877 3031; baseline -0.005 -28"><span class='ocrx_word' id='word_1_399' title='bbox 1223 2938 1274 3003; x_wconf 88' lang='grc' dir='ltr'>καὶ</span> <span class='ocrx_word' id='word_1_400' title='bbox 1289 2938 1424 3004; x_wconf 79' lang='grc' dir='ltr'>κλίνεταί</span> <span class='ocrx_word' id='word_1_401' title='bbox 1439 2964 1473 3031; x_wconf 88' lang='grc' dir='ltr'>γε</span> <span class='ocrx_word' id='word_1_402' title='bbox 1489 2937 1733 3031; x_wconf 82' lang='grc' dir='ltr'>κύποπερκοῦται</span> <span class='ocrx_word' id='word_1_403' title='bbox 1752 2937 1877 3027; x_wconf 79' lang='grc' dir='ltr'>βότρυς·</span> 
     </span>
     <span class='ocr_line' id='line_1_66' title="bbox 1224 3044 1845 3144; baseline 0 -27"><span class='ocrx_word' id='word_1_404' title='bbox 1224 3044 1308 3144; x_wconf 82' lang='grc' dir='ltr'>θειλιρ</span> <span class='ocrx_word' id='word_1_405' title='bbox 1328 3044 1348 3117; x_wconf 86' lang='grc' dir='ltr'>θ</span> <span class='ocrx_word' id='word_1_406' title='bbox 1351 3054 1363 3119; x_wconf 81' lang='grc' dir='ltr'>ὲ</span> <span class='ocrx_word' id='word_1_407' title='bbox 1375 3056 1461 3119; x_wconf 83' lang='grc' dir='ltr'>παῖσα</span> <span class='ocrx_word' id='word_1_408' title='bbox 1474 3055 1617 3144; x_wconf 80' lang='grc' dir='ltr'>τέμνεται</span> <span class='ocrx_word' id='word_1_409' title='bbox 1634 3054 1845 3141; x_wconf 81' lang='grc' dir='ltr'>βλαστουμένη</span> 
     </span>
     <span class='ocr_line' id='line_1_67' title="bbox 1221 3163 1791 3259; baseline -0.004 -26"><span class='ocrx_word' id='word_1_410' title='bbox 1221 3172 1321 3245; x_wconf 86' lang='grc' dir='ltr'>καλῶς</span> <span class='ocrx_word' id='word_1_411' title='bbox 1337 3168 1443 3258; x_wconf 85' lang='grc' dir='ltr'>ὀπώρα</span> <span class='ocrx_word' id='word_1_412' title='bbox 1456 3165 1670 3259; x_wconf 85' lang='grc' dir='ltr'>κοῖνακῖρναται</span> <span class='ocrx_word' id='word_1_413' title='bbox 1687 3163 1764 3234; x_wconf 83' lang='grc' dir='ltr'>ποτύ</span> <span class='ocrx_word' id='word_1_414' title='bbox 1783 3215 1791 3231; x_wconf 93' lang='grc'>.</span> 
     </span>
    </p>
   </div>
   <div class='ocr_carea' id='block_1_24' title="bbox 1115 3311 1878 4184">
    <p class='ocr_par' dir='ltr' id='par_1_25' title="bbox 1115 3311 1878 4184">
     <span class='ocr_line' id='line_1_68' title="bbox 1117 3311 1878 3392; baseline -0.008 -18"><span class='ocrx_word' id='word_1_415' title='bbox 1117 3343 1129 3366; x_wconf 73' lang='grc' dir='ltr'>ιι</span> <span class='ocrx_word' id='word_1_416' title='bbox 1142 3321 1205 3382; x_wconf 77' lang='lat' dir='ltr'>tta</span> <span class='ocrx_word' id='word_1_417' title='bbox 1223 3315 1356 3391; x_wconf 80' lang='lat' dir='ltr'>corrigo,</span> <span class='ocrx_word' id='word_1_418' title='bbox 1369 3313 1473 3390; x_wconf 88' lang='lat' dir='ltr'>partim</span> <span class='ocrx_word' id='word_1_419' title='bbox 1488 3327 1554 3392; x_wconf 89' lang='lat' dir='ltr'>post</span> <span class='ocrx_word' id='word_1_420' title='bbox 1566 3311 1741 3372; x_wconf 86' lang='lat' dir='ltr'>Barnesium:</span> <span class='ocrx_word' id='word_1_421' title='bbox 1755 3317 1878 3392; x_wconf 68' lang='grc' dir='ltr'>λαμπρᾶς</span> 
     </span>
     <span class='ocr_line' id='line_1_69' title="bbox 1117 3397 1875 3481; baseline -0.003 -23"><span class='ocrx_word' id='word_1_422' title='bbox 1117 3398 1152 3458; x_wconf 79' lang='lat' dir='ltr'>lo</span> <span class='ocrx_word' id='word_1_423' title='bbox 1166 3398 1368 3478; x_wconf 75' lang='grc' dir='ltr'>κεκλημύτωται</span> <span class='ocrx_word' id='word_1_424' title='bbox 1379 3397 1483 3481; x_wconf 75' lang='grc' dir='ltr'>χλωρὸν</span> <span class='ocrx_word' id='word_1_425' title='bbox 1496 3399 1614 3470; x_wconf 68' lang='lat' dir='ltr'>cludatur</span> <span class='ocrx_word' id='word_1_426' title='bbox 1625 3398 1716 3476; x_wconf 79' lang='grc' dir='ltr'>δέμας.</span> <span class='ocrx_word' id='word_1_427' title='bbox 1733 3399 1875 3458; x_wconf 84' lang='lat' dir='ltr'>Emenda-</span> 
     </span>
     <span class='ocr_line' id='line_1_70' title="bbox 1117 3487 1875 3567; baseline -0.004 -20"><span class='ocrx_word' id='word_1_428' title='bbox 1117 3491 1225 3548; x_wconf 86' lang='lat' dir='ltr'>tioaem</span> <span class='ocrx_word' id='word_1_429' title='bbox 1239 3491 1409 3550; x_wconf 81' lang='lat' dir='ltr'>confirmare</span> <span class='ocrx_word' id='word_1_430' title='bbox 1423 3490 1540 3548; x_wconf 85' lang='lat' dir='ltr'>videtur</span> <span class='ocrx_word' id='word_1_431' title='bbox 1559 3489 1622 3567; x_wconf 84' lang='lat' dir='ltr'>ipso</span> <span class='ocrx_word' id='word_1_432' title='bbox 1635 3489 1801 3566; x_wconf 87' lang='lat' dir='ltr'>Sophocles,</span> <span class='ocrx_word' id='word_1_433' title='bbox 1817 3487 1875 3548; x_wconf 78' lang='lat' dir='ltr'>ha-</span> 
     </span>
     <span class='ocr_line' id='line_1_71' title="bbox 1118 3576 1878 3658; baseline -0.009 -22"><span class='ocrx_word' id='word_1_434' title='bbox 1118 3579 1167 3654; x_wconf 80' lang='lat' dir='ltr'>tig.</span> <span class='ocrx_word' id='word_1_435' title='bbox 1183 3581 1266 3650; x_wconf 82' lang='lat'>1131,</span> <span class='ocrx_word' id='word_1_436' title='bbox 1277 3578 1325 3636; x_wconf 89' lang='lat' dir='ltr'>ubi</span> <span class='ocrx_word' id='word_1_437' title='bbox 1337 3579 1373 3637; x_wconf 88' lang='lat' dir='ltr'>ad</span> <span class='ocrx_word' id='word_1_438' title='bbox 1385 3578 1472 3637; x_wconf 84' lang='lat' dir='ltr'>verba</span> <span class='ocrx_word' id='word_1_439' title='bbox 1483 3581 1574 3658; x_wconf 74' lang='grc' dir='ltr'>χλωρά</span> <span class='ocrx_word' id='word_1_440' title='bbox 1580 3581 1605 3636; x_wconf 83' lang='grc' dir='ltr'>τ’</span> <span class='ocrx_word' id='word_1_441' title='bbox 1615 3577 1683 3636; x_wconf 72' lang='lat' dir='ltr'>dard</span> <span class='ocrx_word' id='word_1_442' title='bbox 1696 3576 1878 3634; x_wconf 83' lang='lat' dir='ltr'>scholiastes:</span> 
     </span>
     <span class='ocr_line' id='line_1_72' title="bbox 1115 3662 1877 3748; baseline -0.007 -24"><span class='ocrx_word' id='word_1_443' title='bbox 1115 3662 1154 3724; x_wconf 70' lang='lat' dir='ltr'>&#39;ll</span> <span class='ocrx_word' id='word_1_444' title='bbox 1169 3666 1199 3725; x_wconf 80' lang='lat' dir='ltr'>rii</span> <span class='ocrx_word' id='word_1_445' title='bbox 1218 3669 1246 3724; x_wconf 80' lang='lat' dir='ltr'>lv</span> <span class='ocrx_word' id='word_1_446' title='bbox 1266 3665 1364 3748; x_wconf 58' lang='lat' dir='ltr'>Estote</span> <span class='ocrx_word' id='word_1_447' title='bbox 1378 3666 1456 3748; x_wconf 74' lang='grc' dir='ltr'>φησὶν</span> <span class='ocrx_word' id='word_1_448' title='bbox 1471 3665 1579 3737; x_wconf 69' lang='grc' dir='ltr'>ἄλσος]</span> <span class='ocrx_word' id='word_1_449' title='bbox 1595 3663 1625 3724; x_wconf 87' lang='grc' dir='ltr'>τθ</span> <span class='ocrx_word' id='word_1_450' title='bbox 1641 3667 1668 3722; x_wconf 80' lang='grc' dir='ltr'>ἰν</span> <span class='ocrx_word' id='word_1_451' title='bbox 1683 3665 1833 3743; x_wconf 79' lang='grc' dir='ltr'>Παρνασῷ·</span> <span class='ocrx_word' id='word_1_452' title='bbox 1850 3663 1877 3720; x_wconf 71' lang='grc' dir='ltr'>ἐν</span> 
     </span>
     <span class='ocr_line' id='line_1_73' title="bbox 1116 3749 1877 3836; baseline -0.011 -24"><span class='ocrx_word' id='word_1_453' title='bbox 1116 3754 1272 3836; x_wconf 80' lang='grc' dir='ltr'>σἰριροτύροις</span> <span class='ocrx_word' id='word_1_454' title='bbox 1292 3754 1342 3835; x_wconf 70' lang='grc' dir='ltr'>γὰρ</span> <span class='ocrx_word' id='word_1_455' title='bbox 1363 3755 1452 3821; x_wconf 85' lang='grc' dir='ltr'>τύποις</span> <span class='ocrx_word' id='word_1_456' title='bbox 1472 3759 1488 3826; x_wconf 82' lang='grc' dir='ltr'>ἡ</span> <span class='ocrx_word' id='word_1_457' title='bbox 1513 3754 1646 3832; x_wconf 61' lang='lat' dir='ltr'>apertos,</span> <span class='ocrx_word' id='word_1_458' title='bbox 1661 3753 1678 3824; x_wconf 78' lang='grc' dir='ltr'><strong>ἣ</strong></span> <span class='ocrx_word' id='word_1_459' title='bbox 1695 3750 1753 3810; x_wconf 84' lang='grc' dir='ltr'>καθ’</span> <span class='ocrx_word' id='word_1_460' title='bbox 1763 3749 1877 3820; x_wconf 70' lang='lat' dir='ltr'>laticem</span> 
     </span>
     <span class='ocr_line' id='line_1_74' title="bbox 1116 3834 1876 3924; baseline -0.012 -23"><span class='ocrx_word' id='word_1_461' title='bbox 1116 3841 1218 3922; x_wconf 76' lang='grc' dir='ltr'>ἡμέραν</span> <span class='ocrx_word' id='word_1_462' title='bbox 1231 3839 1291 3922; x_wconf 80' lang='grc' dir='ltr'>περὶ</span> <span class='ocrx_word' id='word_1_463' title='bbox 1312 3841 1360 3918; x_wconf 79' lang='grc' dir='ltr'>μὲν</span> <span class='ocrx_word' id='word_1_464' title='bbox 1375 3841 1423 3913; x_wconf 74' lang='grc' dir='ltr'>τὴν</span> <span class='ocrx_word' id='word_1_465' title='bbox 1440 3839 1476 3899; x_wconf 78' lang='grc' dir='ltr'>ἕω</span> <span class='ocrx_word' id='word_1_466' title='bbox 1498 3839 1606 3924; x_wconf 75' lang='grc' dir='ltr'>βότρυας</span> <span class='ocrx_word' id='word_1_467' title='bbox 1619 3837 1707 3918; x_wconf 74' lang='grc' dir='ltr'>φέρει,</span> <span class='ocrx_word' id='word_1_468' title='bbox 1717 3835 1776 3914; x_wconf 75' lang='grc' dir='ltr'>περὶ</span> <span class='ocrx_word' id='word_1_469' title='bbox 1786 3836 1814 3894; x_wconf 78' lang='lat' dir='ltr'>dl</span> <span class='ocrx_word' id='word_1_470' title='bbox 1828 3834 1876 3906; x_wconf 73' lang='lat' dir='ltr'>rhu</span> 
     </span>
     <span class='ocr_line' id='line_1_75' title="bbox 1117 3922 1875 4010; baseline -0.015 -20"><span class='ocrx_word' id='word_1_471' title='bbox 1117 3928 1284 4009; x_wconf 72' lang='grc' dir='ltr'>μεοημύρῖαν</span> <span class='ocrx_word' id='word_1_472' title='bbox 1300 3929 1431 4010; x_wconf 79' lang='grc' dir='ltr'>ύμρακας,</span> <span class='ocrx_word' id='word_1_473' title='bbox 1444 3931 1570 4009; x_wconf 72' lang='grc' dir='ltr'>ἐτρυγᾶτο</span> <span class='ocrx_word' id='word_1_474' title='bbox 1589 3927 1616 3984; x_wconf 82' lang='grc' dir='ltr'>δὲ</span> <span class='ocrx_word' id='word_1_475' title='bbox 1634 3931 1797 3984; x_wconf 83' lang='grc' dir='ltr'>πεπανθιῖσει</span> <span class='ocrx_word' id='word_1_476' title='bbox 1816 3922 1875 4001; x_wconf 77' lang='grc' dir='ltr'>περὶ</span> 
     </span>
     <span class='ocr_line' id='line_1_76' title="bbox 1115 4011 1876 4098; baseline -0.013 -21"><span class='ocrx_word' id='word_1_477' title='bbox 1115 4015 1163 4088; x_wconf 73' lang='grc' dir='ltr'>τὴν</span> <span class='ocrx_word' id='word_1_478' title='bbox 1183 4016 1307 4098; x_wconf 72' lang='grc' dir='ltr'>ἑσπέραν.</span> <span class='ocrx_word' id='word_1_479' title='bbox 1330 4045 1341 4068; x_wconf 83' lang='grc' dir='ltr'>ν</span> <span class='ocrx_word' id='word_1_480' title='bbox 1362 4019 1463 4092; x_wconf 74' lang='lat' dir='ltr'>Bergk.</span> <span class='ocrx_word' id='word_1_481' title='bbox 1484 4016 1596 4076; x_wconf 83' lang='lat' dir='ltr'>Deinde</span> <span class='ocrx_word' id='word_1_482' title='bbox 1617 4015 1654 4074; x_wconf 84' lang='lat' dir='ltr'>ad</span> <span class='ocrx_word' id='word_1_483' title='bbox 1675 4013 1763 4092; x_wconf 86' lang='lat' dir='ltr'>impia</span> <span class='ocrx_word' id='word_1_484' title='bbox 1782 4011 1876 4070; x_wconf 84' lang='lat' dir='ltr'>staltis</span> 
     </span>
     <span class='ocr_line' id='line_1_77' title="bbox 1117 4100 1874 4184; baseline -0.007 -23"><span class='ocrx_word' id='word_1_485' title='bbox 1117 4105 1244 4164; x_wconf 81' lang='lat' dir='ltr'>facinora</span> <span class='ocrx_word' id='word_1_486' title='bbox 1261 4106 1404 4184; x_wconf 89' lang='lat' dir='ltr'>pertinent</span> <span class='ocrx_word' id='word_1_487' title='bbox 1419 4107 1577 4182; x_wconf 78' lang='lat' dir='ltr'>fragmenta</span> <span class='ocrx_word' id='word_1_488' title='bbox 1589 4103 1666 4184; x_wconf 89' lang='lat' dir='ltr'>apud</span> <span class='ocrx_word' id='word_1_489' title='bbox 1681 4100 1874 4178; x_wconf 83' lang='lat' dir='ltr'>Hesychium:</span> 
     </span>
    </p>
   </div>
   <div class='ocr_carea' id='block_1_25' title="bbox 1115 4275 1872 4820">
    <p class='ocr_par' dir='ltr' id='par_1_26' title="bbox 1115 4275 1871 4582">
     <span class='ocr_line' id='line_1_78' title="bbox 1117 4275 1871 4423; baseline -0.007 -17"><span class='ocrx_word' id='word_1_490' title='bbox 1117 4355 1289 4423; x_wconf 80' lang='lat' dir='ltr'>Quamquam</span> <span class='ocrx_word' id='word_1_491' title='bbox 1300 4356 1381 4405; x_wconf 78' lang='lat' dir='ltr'>atate</span> <span class='ocrx_word' id='word_1_492' title='bbox 1395 4275 1538 4422; x_wconf 59' lang='lat' dir='ltr'>pmrdcgtirh</span> <span class='ocrx_word' id='word_1_493' title='bbox 1550 4363 1629 4416; x_wconf 87' lang='lat' dir='ltr'>sum,</span> <span class='ocrx_word' id='word_1_494' title='bbox 1643 4356 1735 4403; x_wconf 87' lang='lat' dir='ltr'>tamen</span> <span class='ocrx_word' id='word_1_495' title='bbox 1749 4353 1871 4402; x_wconf 83' lang='lat' dir='ltr'>senecta·</span> 
     </span>
     <span class='ocr_line' id='line_1_79' title="bbox 1115 4430 1856 4582; baseline -0.007 -16"><span class='ocrx_word' id='word_1_496' title='bbox 1115 4518 1191 4566; x_wconf 83' lang='lat' dir='ltr'>recta</span> <span class='ocrx_word' id='word_1_497' title='bbox 1205 4525 1283 4565; x_wconf 86' lang='lat' dir='ltr'>mens</span> <span class='ocrx_word' id='word_1_498' title='bbox 1294 4510 1370 4582; x_wconf 85' lang='lat' dir='ltr'>sequi</span> <span class='ocrx_word' id='word_1_499' title='bbox 1383 4517 1412 4565; x_wconf 89' lang='lat' dir='ltr'>et</span> <span class='ocrx_word' id='word_1_500' title='bbox 1422 4524 1453 4564; x_wconf 88' lang='lat' dir='ltr'>ea</span> <span class='ocrx_word' id='word_1_501' title='bbox 1467 4430 1710 4581; x_wconf 55' lang='lat' dir='ltr'>comiliielnqialbiis</span> <span class='ocrx_word' id='word_1_502' title='bbox 1723 4523 1793 4580; x_wconf 91' lang='lat' dir='ltr'>opus</span> <span class='ocrx_word' id='word_1_503' title='bbox 1805 4515 1856 4563; x_wconf 88' lang='lat' dir='ltr'>est.</span> 
     </span>
    </p>

    <p class='ocr_par' dir='ltr' id='par_1_27' title="bbox 1115 4594 1872 4820">
     <span class='ocr_line' id='line_1_80' title="bbox 1187 4594 1871 4741; baseline -0.004 -18"><span class='ocrx_word' id='word_1_504' title='bbox 1187 4669 1263 4724; x_wconf 86' lang='lat' dir='ltr'>Inest</span> <span class='ocrx_word' id='word_1_505' title='bbox 1273 4667 1344 4724; x_wconf 88' lang='lat' dir='ltr'>enim</span> <span class='ocrx_word' id='word_1_506' title='bbox 1356 4667 1445 4741; x_wconf 87' lang='lat' dir='ltr'>aliqua</span> <span class='ocrx_word' id='word_1_507' title='bbox 1459 4594 1586 4740; x_wconf 58' lang='lat' dir='ltr'>illicior</span> <span class='ocrx_word' id='word_1_508' title='bbox 1599 4667 1639 4724; x_wconf 86' lang='lat' dir='ltr'>rel</span> <span class='ocrx_word' id='word_1_509' title='bbox 1653 4667 1681 4722; x_wconf 87' lang='lat' dir='ltr'>In</span> <span class='ocrx_word' id='word_1_510' title='bbox 1691 4665 1871 4730; x_wconf 75' lang='lat' dir='ltr'>ternionibus,</span> 
     </span>
     <span class='ocr_line' id='line_1_81' title="bbox 1115 4744 1872 4820; baseline -0.005 -18"><span class='ocrx_word' id='word_1_511' title='bbox 1115 4747 1226 4820; x_wconf 89' lang='lat' dir='ltr'>quando</span> <span class='ocrx_word' id='word_1_512' title='bbox 1235 4745 1398 4804; x_wconf 81' lang='lat' dir='ltr'>oblitionem</span> <span class='ocrx_word' id='word_1_513' title='bbox 1409 4749 1584 4819; x_wconf 79' lang='lat' dir='ltr'>praesentiam</span> <span class='ocrx_word' id='word_1_514' title='bbox 1597 4746 1730 4803; x_wconf 87' lang='lat' dir='ltr'>malorum</span> <span class='ocrx_word' id='word_1_515' title='bbox 1742 4744 1872 4802; x_wconf 81' lang='lat' dir='ltr'>aIIerrrut.</span> 
     </span>
    </p>
   </div>
   <div class='ocr_carea' id='block_1_26' title="bbox 1462 4831 1785 4960">
    <p class='ocr_par' dir='ltr' id='par_1_28' title="bbox 1462 4831 1785 4960">
     <span class='ocr_line' id='line_1_82' title="bbox 1462 4831 1523 4882; baseline -0.033 0"><span class='ocrx_word' id='word_1_516' title='bbox 1462 4831 1523 4882; x_wconf 84' lang='grc'>490.</span> 
     </span>
     <span class='ocr_line' id='line_1_83' title="bbox 1502 4903 1785 4960; baseline -0.011 0"><span class='ocrx_word' id='word_1_517' title='bbox 1502 4908 1551 4960; x_wconf 88' lang='lat' dir='ltr'>Est</span> <span class='ocrx_word' id='word_1_518' title='bbox 1563 4905 1635 4960; x_wconf 88' lang='lat' dir='ltr'>enim</span> <span class='ocrx_word' id='word_1_519' title='bbox 1651 4903 1785 4958; x_wconf 74' lang='lat' dir='ltr'>munusue</span> 
     </span>
    </p>
   </div>
   <div class='ocr_carea' id='block_1_27' title="bbox 1166 4982 1820 5452">
    <p class='ocr_par' dir='ltr' id='par_1_29' title="bbox 1168 4982 1660 5048">
     <span class='ocr_line' id='line_1_84' title="bbox 1168 4982 1660 5048; baseline 0 -9"><span class='ocrx_word' id='word_1_520' title='bbox 1168 4991 1247 5039; x_wconf 76' lang='lat' dir='ltr'>terrae</span> <span class='ocrx_word' id='word_1_521' title='bbox 1259 4982 1399 5048; x_wconf 59' lang='lat' dir='ltr'>Euboicam</span> <span class='ocrx_word' id='word_1_522' title='bbox 1415 4983 1451 5038; x_wconf 88' lang='lat' dir='ltr'>ibi</span> <span class='ocrx_word' id='word_1_523' title='bbox 1466 4999 1517 5039; x_wconf 91' lang='lat' dir='ltr'>uva</span> <span class='ocrx_word' id='word_1_524' title='bbox 1531 4983 1660 5040; x_wconf 87' lang='lat' dir='ltr'>Bacchica</span> 
     </span>
    </p>

    <p class='ocr_par' dir='ltr' id='par_1_30' title="bbox 1166 5060 1820 5452">
     <span class='ocr_line' id='line_1_85' title="bbox 1167 5060 1820 5134; baseline 0 -16"><span class='ocrx_word' id='word_1_525' title='bbox 1167 5061 1288 5134; x_wconf 84' lang='lat' dir='ltr'>quotidie</span> <span class='ocrx_word' id='word_1_526' title='bbox 1301 5063 1443 5128; x_wconf 83' lang='lat' dir='ltr'>accrescit;</span> <span class='ocrx_word' id='word_1_527' title='bbox 1459 5063 1574 5134; x_wconf 78' lang='lat' dir='ltr'>prunum</span> <span class='ocrx_word' id='word_1_528' title='bbox 1588 5060 1730 5134; x_wconf 84' lang='lat' dir='ltr'>splendIdo</span> <span class='ocrx_word' id='word_1_529' title='bbox 1742 5077 1820 5118; x_wconf 87' lang='lat' dir='ltr'>mane</span> 
     </span>
     <span class='ocr_line' id='line_1_86' title="bbox 1168 5139 1788 5212; baseline -0.005 -14"><span class='ocrx_word' id='word_1_530' title='bbox 1168 5143 1280 5199; x_wconf 86' lang='lat' dir='ltr'>racemis</span> <span class='ocrx_word' id='word_1_531' title='bbox 1293 5141 1430 5210; x_wconf 75' lang='lat' dir='ltr'>obtegitur</span> <span class='ocrx_word' id='word_1_532' title='bbox 1442 5141 1520 5196; x_wconf 90' lang='lat' dir='ltr'>Iocus</span> <span class='ocrx_word' id='word_1_533' title='bbox 1534 5139 1631 5197; x_wconf 84' lang='lat' dir='ltr'>florido</span> <span class='ocrx_word' id='word_1_534' title='bbox 1645 5139 1788 5212; x_wconf 73' lang='lat' dir='ltr'>pampin03</span> 
     </span>
     <span class='ocr_line' id='line_1_87' title="bbox 1168 5220 1802 5293; baseline 0 -17"><span class='ocrx_word' id='word_1_535' title='bbox 1168 5231 1226 5277; x_wconf 90' lang='lat' dir='ltr'>tum</span> <span class='ocrx_word' id='word_1_536' title='bbox 1240 5222 1299 5278; x_wconf 90' lang='lat' dir='ltr'>dies</span> <span class='ocrx_word' id='word_1_537' title='bbox 1312 5229 1393 5292; x_wconf 85' lang='lat' dir='ltr'>auget</span> <span class='ocrx_word' id='word_1_538' title='bbox 1405 5220 1522 5277; x_wconf 86' lang='lat' dir='ltr'>mediam</span> <span class='ocrx_word' id='word_1_539' title='bbox 1535 5221 1622 5293; x_wconf 62' lang='lat' dir='ltr'>possi</span> <span class='ocrx_word' id='word_1_540' title='bbox 1632 5228 1802 5276; x_wconf 79' lang='lat' dir='ltr'>curvaturam</span> 
     </span>
     <span class='ocr_line' id='line_1_88' title="bbox 1166 5298 1720 5372; baseline -0.009 -14"><span class='ocrx_word' id='word_1_541' title='bbox 1166 5311 1194 5358; x_wconf 87' lang='lat' dir='ltr'>et</span> <span class='ocrx_word' id='word_1_542' title='bbox 1208 5303 1354 5358; x_wconf 87' lang='lat' dir='ltr'>inclinatur</span> <span class='ocrx_word' id='word_1_543' title='bbox 1367 5315 1418 5356; x_wconf 84' lang='lat' dir='ltr'>uva</span> <span class='ocrx_word' id='word_1_544' title='bbox 1433 5298 1564 5372; x_wconf 89' lang='lat' dir='ltr'>planeque</span> <span class='ocrx_word' id='word_1_545' title='bbox 1576 5299 1720 5371; x_wconf 79' lang='lat' dir='ltr'>ntgrescit3</span> 
     </span>
     <span class='ocr_line' id='line_1_89' title="bbox 1167 5376 1766 5452; baseline -0.002 -17"><span class='ocrx_word' id='word_1_546' title='bbox 1167 5397 1276 5452; x_wconf 82' lang='lat' dir='ltr'>vespere</span> <span class='ocrx_word' id='word_1_547' title='bbox 1289 5395 1352 5436; x_wconf 80' lang='lat' dir='ltr'>vero</span> <span class='ocrx_word' id='word_1_548' title='bbox 1365 5387 1423 5436; x_wconf 82' lang='lat' dir='ltr'>tota</span> <span class='ocrx_word' id='word_1_549' title='bbox 1436 5377 1579 5434; x_wconf 88' lang='lat' dir='ltr'>desecatur</span> <span class='ocrx_word' id='word_1_550' title='bbox 1591 5377 1659 5435; x_wconf 82' lang='lat' dir='ltr'>bene</span> <span class='ocrx_word' id='word_1_551' title='bbox 1672 5376 1766 5434; x_wconf 87' lang='lat' dir='ltr'>adulta</span> 
     </span>
    </p>
   </div>
   <div class='ocr_carea' id='block_1_28' title="bbox 1087 5457 1612 5533">
    <p class='ocr_par' dir='ltr' id='par_1_31' title="bbox 1087 5457 1612 5533">
     <span class='ocr_line' id='line_1_90' title="bbox 1087 5457 1612 5533; baseline 0.004 -22"><span class='ocrx_word' id='word_1_552' title='bbox 1087 5507 1090 5511; x_wconf 85' lang='lat'>.</span> <span class='ocrx_word' id='word_1_553' title='bbox 1168 5462 1263 5516; x_wconf 71' lang='lat' dir='ltr'>messis</span> <span class='ocrx_word' id='word_1_554' title='bbox 1279 5468 1411 5533; x_wconf 84' lang='lat' dir='ltr'>potusque</span> <span class='ocrx_word' id='word_1_555' title='bbox 1425 5457 1612 5530; x_wconf 87' lang='lat' dir='ltr'>permiscetur.</span> 
     </span>
    </p>
   </div>
   <div class='ocr_carea' id='block_1_29' title="bbox 1727 5531 1766 5576">
    <p class='ocr_par' dir='ltr' id='par_1_32' title="bbox 1727 5531 1766 5576">
     <span class='ocr_line' id='line_1_91' title="bbox 1727 5531 1766 5576; baseline 0.026 -1"><span class='ocrx_word' id='word_1_556' title='bbox 1727 5531 1766 5576; x_wconf 77' lang='lat'>2².</span> 
     </span>
    </p>
   </div>
   <div class='ocr_carea' id='block_1_30' title="bbox 0 0 2288 6425">
    <p class='ocr_par' dir='ltr' id='par_1_33' title="bbox 0 0 2288 6425">
     <span class='ocr_line' id='line_1_92' title="bbox 0 0 2288 6425; baseline 0 0"><span class='ocrx_word' id='word_1_557' title='bbox 0 0 2288 6425; x_wconf 95' lang='lat' dir='ltr'> </span> 
     </span>
    </p>
   </div>
  </div>
 </body>
</html>
