4567 6425
795 735 1002 797 soefloctts
1021 736 1266 800 FRAGMENTA.
1754 756 1808 807 tet

277 880 399 957 r‹·m,qoi
410 874 594 936 Philoctetam
607 872 644 931 ad
658 870 783 929 medicos
801 868 941 925 ducturus
955 877 1007 923 est.
1060 867 1117 925 mia
1143 868 1308 945 explicavit.
1337 874 1484 929 Postremo
1507 875 1711 951 Neoptolemus
1740 878 1815 940 nihi.

276 970 348 1041 Qttod
362 970 383 1024 si
403 976 479 1024 recte
493 984 509 1020 a
526 982 571 1019 me
590 960 748 1035 conjectum
772 969 830 1025 est,
848 954 1005 1030 conjuttse-
1060 973 1153 1030 neque
1167 955 1226 1032 egit
1237 976 1330 1033 neque
1345 976 1443 1032 passus
1454 972 1509 1033 est,
1528 980 1587 1037 quo
1606 964 1721 1039 gmqo,
1734 964 1814 1021 fieret

277 1060 320 1114 rint
345 1070 452 1110 tersum
473 1069 538 1106 cum
560 1048 611 1105 illo
635 1044 711 1123 apud
733 1044 925 1110 Priscianum‚
949 1060 1008 1117 quo
1061 1060 1191 1117 persona.
1212 1047 1813 1127 Secutusestlrhmnioem,1‚0,1q„„„,p,qc

278 1144 413 1201 Philocteta
428 1138 500 1196 alios
511 1156 528 1193 a
540 1154 571 1192 se
583 1132 717 1192 recedere
727 1131 820 1207 jubet.
1061 1128 1207 1204 negotium
1228 1149 1244 1187 a
1263 1132 1369 1191 Graecis
1388 1136 1429 1194 illi
1445 1135 1647 1194 detnandatum
1669 1139 1814 1215 transegit.

309 1230 542 1307 Reli‘1¹¹³ll‘f⁰‘⁵¹¹⁵
555 1224 733 1298 il3¹¹⁰li¹¹¹ll¹l=
1061 1218 1105 1272 Ita
1118 1236 1155 1273 ne
1172 1218 1268 1295 potuit
1284 1220 1399 1295 quidem
1420 1223 1569 1299 primarias
1590 1238 1685 1301 partes
1709 1224 1814 1283 habere

575 1359 683 1373 -ο-
1061 1302 1090 1358 in
1106 1302 1246 1381 tragedia.
1260 1311 1324 1378 Qua
1337 1309 1366 1365 in
1381 1330 1410 1367 re
1425 1312 1447 1368 si
1460 1312 1552 1367 Attius
1570 1312 1739 1389 Sophoclem
1761 1313 1816 1370 mi-

1063 1409 1115 1447 nns
1136 1405 1251 1449 secutus
1271 1406 1323 1468 est,
1340 1396 1370 1455 id
1392 1397 1507 1455 videtur
1529 1397 1594 1455 ideo
1618 1400 1723 1456 lactum
1744 1419 1815 1469 esse,

401 1456 565 1521 1211OEle
585 1473 658 1515 ΜΠ
677 1452 863 1514 DOLOPES·
1062 1478 1139 1551 quod
1171 1479 1313 1540 Phoenicis
1342 1504 1492 1560 personam
1526 1498 1635 1543 remoto
1670 1486 1814 1563 Dolopum

308 1575 453 1633 Bruncltius
471 1570 521 1648 qtti
536 1568 608 1625 duas
625 1565 776 1643 tragedias
794 1565 1011 1641 luisseputarit‚
1062 1564 1153 1622 choro
1176 1578 1283 1643 praeter
1299 1583 1407 1629 ceteros
1421 1592 1478 1629 non
1502 1572 1620 1649 perinde
1639 1572 1769 1630 distinxit
1783 1594 1816 1631 ac

279 1685 348 1722 titiam
363 1662 532 1727 Phoenicem,
548 1658 665 1714 alteram
686 1654 814 1731 Dolopes
833 1651 953 1723 dictam,
965 1674 1012 1710 ar·
1062 1652 1200 1729 Sophocli
1217 1656 1308 1713 visum
1321 1666 1391 1718 erat.

277 1763 422 1821 currentum
436 1746 542 1824 prioris
555 1743 717 1803 Phoenicem
737 1740 824 1798 domo
842 1753 960 1816 paterna
974 1739 1010 1797 ad
1102 1741 1233 1817 Denique
1243 1745 1321 1801 varie
1336 1744 1431 1803 sabula
1445 1745 1482 1804 ab
1495 1746 1619 1823 antiquis
1629 1745 1817 1825 scriptoribus

278 1814 372 1897 l'eleum
385 1838 537 1915 prologum
557 1833 643 1890 fuisse
662 1830 824 1899 affirmarit,
846 1830 1011 1905 posterioris
1064 1826 1167 1885 tradita
1181 1843 1232 1888 est.
1246 1832 1378 1909 Plerique
1394 1833 1506 1891 Ulixem
1518 1833 1546 1889 itt
1563 1832 1684 1890 insulam
1698 1835 1817 1904 venisse,

279 1928 386 1985 indicare
405 1944 489 1982 ausus
514 1942 573 1979 non
597 1932 650 1978 est.
674 1917 840 1976 Welclterus
861 1937 925 1973 curn
949 1917 1011 1973 aliis
1062 1914 1180 1991 filioque
1203 1918 1319 1978 Achillis
1342 1942 1419 1978 arma
1452 1920 1818 1999 tradidisse,‘Trojamquc

279 2017 325 2071 aluo
337 2016 444 2071 nomina
456 2012 541 2070 unius
556 2006 699 2086 tragoetliae
713 2026 775 2064 esse
792 2004 874 2074 sidit,
888 2009 1013 2082 Neopto
1062 1999 1214 2061 abduxisse
1225 2003 1354 2064 scribunt
1366 2006 1467 2082 (Prool.
1481 2005 1583 2083 Odyss.
1595 2008 1629 2079 Λ,
1643 2008 1707 2078 508,
1718 2008 1816 2078 Quint.

279 2104 331 2159 lcnti
346 2101 547 2180 profectionem
564 2096 594 2154 in
611 2108 703 2152 castra
717 2102 880 2151 Graecorum
896 2092 924 2148 in
942 2111 1012 2169 agro
1063 2092 1175 2163 Smyrn.
1195 2094 1244 2159 Vl,
1259 2092 1306 2163 86,
1323 2094 1372 2169 qui
1390 2093 1559 2152 Diomedem
1580 2092 1679 2169 addit).
1698 2094 1754 2151 Sed
1771 2094 1818 2151 illa

279 2191 383 2265 Trojano
394 2189 553 2266 expositam
564 2204 625 2241 esse
637 2196 724 2240 ratus.
740 2181 823 2255 Quod
838 2199 1011 2257 quamquam
1063 2173 1168 2233 labulae
1182 2181 1362 2256 compositio,
1382 2181 1421 2237 ait
1434 2182 1614 2257 wolckerus,
1628 2181 1748 2239 multum
1763 2180 1819 2237 dil-

280 2279 346 2333 raldc
356 2292 394 2334 cst
407 2274 566 2353 probabile,
577 2287 669 2329 tamen
689 2289 748 2327 non
762 2281 806 2325 est
825 2269 886 2326 sine
900 2266 1012 2325 haesita-
1064 2265 1321 2359 lertaheo,cuqu
1341 2270 1441 2327 notitia
1468 2272 1566 2347 prirnae
1585 2270 1748 2329 Philostrati
1767 2269 1817 2346 ju-

280 2365 342 2421 tione
354 2377 381 2420 ct
398 2362 564 2420 dillicultate
582 2355 781 2415 allirtnantlunt
791 2398 799 2426 ,
811 2354 889 2430 quod
906 2366 1011 2431 tragoe-
1064 2352 1153 2410 uioris
1168 2356 1288 2431 Imagini
1303 2358 1357 2415 soli
1371 2356 1502 2415 debetur.
1523 2357 1728 2434 Neoptolemus
1744 2358 1819 2415 enim

279 2452 315 2506 dia
334 2472 385 2508 nna
406 2464 447 2507 est
470 2444 655 2525 Neoptolemi
678 2444 792 2501 nomine
817 2442 963 2519 inscripta,
983 2454 1014 2498 nt
1064 2458 1120 2496 avo
1132 2442 1274 2517 matrique
1289 2443 1386 2515 iratus,
1401 2444 1479 2521 quod
1494 2442 1623 2501 obstricti
1632 2442 1819 2521 jurejurando

280 2539 413 2595 l'ltilnctcta
426 2556 530 2593 uonwn
543 2546 584 2590 est
600 2530 914 2607 tragoediaeSophoclis.
926 2535 1014 2586 licce-
1065 2528 1143 2585 illurn
1174 2530 1201 2585 in
1224 2529 1329 2587 bellum
1356 2532 1496 2609 proficisci
1525 2544 1600 2589 metu
1630 2552 1744 2604 eorarn,
1770 2534 1819 2609 qui

280 2624 314 2680 dit
327 2626 395 2701 qaod
412 2623 490 2702 apud
515 2622 668 2683 Arriannm
689 2619 797 2695 (Epict.
816 2618 891 2674 Diss.
911 2622 936 2687 1,
958 2617 1011 2694 ιδ)
1063 2614 1168 2674 Achilli
1183 2616 1322 2675 adversati
1338 2631 1441 2691 essent,
1455 2617 1655 2695 prohibebant,
1672 2620 1707 2676 ad
1723 2640 1820 2697 greges

280 2714 378 2769 Phanis
404 2713 478 2769 inter
507 2708 672 2786 splendidas
700 2725 835 2783 personas
861 2703 1014 2781 Sophoclis
1065 2702 1208 2776 discessit,
1227 2724 1314 2782 quum
1335 2707 1429 2764 Graeci
1449 2718 1565 2782 accepto
1583 2706 1699 2763 oraculo
1721 2708 1819 2765 Heleni

280 2814 427 2857 recensetur.
450 2796 562 2857 Deinde
584 2795 672 2853 nimia
688 2790 844 2864 similitudo
865 2810 930 2848 cunt
951 2792 1013 2850 aliis
1065 2791 1102 2849 ab
1115 2792 1201 2850 Ulixe
1212 2793 1287 2869 capti
1304 2792 1418 2870 Trojam
1431 2794 1484 2850 nisi
1500 2794 1537 2851 ab
1548 2794 1673 2853 AEacidis
1683 2796 1747 2873 capi
1761 2814 1820 2851 nou

280 2888 404 2963 tragoetliis
423 2884 591 2954 intercedit,
612 2884 635 2939 si
657 2882 693 2938 de
707 2878 891 2956 Neoptolemi
913 2879 1012 2955 prole·
1066 2898 1167 2955 posse,
1189 2881 1351 2939 Phoenicem
1368 2882 1520 2951 miserunt,
1540 2882 1589 2959 qui
1612 2880 1820 2939 adolescentem

280 2974 357 3029 ctione
378 2975 492 3050 cogites.
516 2978 580 3028 Non
601 2970 690 3047 igitur
715 2986 832 3045 prorsus
857 2964 1013 3023 absurdam
1066 2981 1231 3025 arcesseret.
1248 2970 1302 3027 llic
1316 2968 1346 3025 in
1360 2969 1480 3027 insulam
1502 2969 1640 3046 appulsus
1663 2969 1822 3045 Neoptole-

280 3072 325 3133 est,
338 3063 358 3117 si
377 3062 440 3137 quis
460 3058 601 3117 Phoenicis
616 3057 770 3115 adrentum
784 3053 819 3110 ad
832 3054 945 3111 Peleum
961 3054 1013 3110 hac
1067 3074 1143 3111 mum
1158 3053 1270 3130 abjecto
1292 3055 1382 3134 pedo,
1406 3074 1521 3132 gregum
1545 3054 1734 3125 incuriosum,
1753 3055 1819 3113 belli

281 3150 397 3226 tragedia
415 3149 591 3227 explicatum
610 3164 671 3202 esse
691 3142 853 3213 crediderit,
867 3144 917 3220 qni
938 3142 1014 3199 diras
1066 3140 1210 3199 desiderio
1229 3144 1325 3200 animo
1342 3142 1524 3201 incubantem
1544 3142 1651 3221 reperit
1670 3144 1832 3221 statimque¹

281 3239 354 3309 patris
364 3239 527 3314 Amyntoris
546 3233 767 3312 imprecationes
781 3232 893 3306 lugiens
905 3253 919 3287 a
931 3233 1014 3288 Peleo
1065 3249 1102 3286 ex
1119 3230 1197 3288 illius
1217 3231 1308 3288 lortua
1321 3231 1448 3309 {acieque
1462 3231 1579 3308 conjicit
1600 3231 1717 3288 Achillis
1733 3232 1819 3289 [ilium

281 3343 302 3378 ιιι
314 3345 392 3402 reguo
409 3325 554 3402 Dolopum
576 3322 722 3380 institutus
732 3331 784 3376 est.
800 3318 881 3374 lliad.
897 3321 920 3386 1,
938 3320 1012 3384 448-
1065 3335 1136 3376 esse.
1160 3319 1348 3376 Philostratus
1367 3319 1461 3391 addit,
1482 3320 1621 3376 κάντεῦθεν
1646 3318 1774 3398 γνωρίσας
1794 3318 1821 3385 ὃς

280 3411 332 3474 tho.
1066 3405 1120 3477 εἴη,
1135 3405 1261 3472 inimare<
1274 3407 1389 3482 piperem
1400 3409 1438 3484 τῷ
1451 3405 1601 3484 Λυκομήδει
1614 3405 1658 3464 xei
1673 3410 1705 3485 τῇ
1720 3407 1820 3478 Δηϊδα-

309 3502 497 3558 Verumtamen
529 3510 597 3556 sunt
624 3495 756 3574 graviora
776 3494 905 3572 quaedam
926 3511 1014 3570 argu·
1066 3493 1135 3574 peiq.
1153 3493 1273 3550 Phoenix
1293 3506 1442 3571 postquam
1462 3494 1652 3572 Neoptolemo
1668 3497 1731 3571 quis
1747 3509 1821 3554 esset

279 3601 365 3653 arcora,
382 3585 487 3664 quibus
500 3585 680 3653 inducamur,
693 3597 724 3639 nt
741 3580 924 3660 Neoptolemi
944 3599 1013 3656 pro-
1065 3582 1209 3651 indicavit,
1222 3583 1316 3640 statim
1329 3585 1481 3641 nunciatur
1492 3585 1645 3659 Lycomcdi
1666 3597 1693 3641 et
1712 3586 1819 3642 Deida-

279 3671 409 3730 lcctioncm
422 3695 438 3731 a
452 3671 597 3749 Sophocle
608 3670 779 3748 descriptam
793 3688 855 3728 esse
870 3680 1013 3746 putemus.
1064 3671 1342 3749 miae.-Tt·agoedia,
1352 3691 1416 3748 quae
1432 3684 1508 3728 certe
1521 3671 1575 3729 hoc
1591 3673 1654 3728 loco
1668 3672 1820 3747 cogitanda

279 3759 409 3834 i'ajrcginm
425 3774 624 3837 argumentum
646 3772 690 3815 est
709 3759 779 3816 attii
800 3757 1013 3833 Neoptolemus,
1064 3771 1116 3828 est,
1127 3758 1204 3816 nulla
1219 3759 1273 3816 alia
1284 3759 1335 3816 luit
1346 3779 1430 3836 (quam
1441 3758 1568 3836 Dolopes
1580 3759 1741 3836 Sophoclis.
1753 3763 1821 3818 Haec

279 3863 347 3916 quern
358 3868 392 3904 ex
405 3847 557 3925 Sophoclis
569 3845 707 3922 tragoedia
718 3864 882 3923 expressum
893 3856 1013 3922 putant;
1065 3846 1242 3905 Welckertts.

280 3933 347 4005 eujus
366 3935 473 3993 etiantsi
491 3954 596 3992 nornen
612 3946 752 3991 mutatum
773 3944 831 4002 est,
848 3945 940 3988 tamen
954 3942 1013 3988 tota
1104 3938 1148 3991 De
1162 3933 1264 3991 fabulae
1280 3933 1489 4010 compositione
1506 3931 1574 3990 nihil
1585 3931 1669 3990 nobis
1683 3933 1820 4004 innotuit,

281 4022 400 4095 tragedia
417 4041 536 4098 prorsus
551 4021 697 4078 immutari
718 4039 776 4075 non
791 4019 894 4096 potnit.
915 4023 1014 4094 Neque
1064 4039 1158 4097 neque
1176 4022 1246 4078 certi
1262 4020 1331 4096 quid
1346 4019 1381 4077 de
1392 4019 1521 4098 personis
1539 4020 1595 4077 dici
1614 4033 1716 4098 potest.
1733 4025 1817 4098 apud

279 4103 482 4166 tidctnrnomen
494 4129 554 4166 non
567 4118 736 4184 usurpatum
746 4105 782 4162 ab
793 4105 1014 4181 antiquioribus,
1063 4109 1172 4165 Attium
1194 4107 1293 4166 Ulixes
1308 4118 1364 4176 est,
1385 4125 1469 4184 quem
1488 4107 1652 4164 Welckerns
1667 4106 1744 4184 apud
1765 4113 1820 4167 So-

279 4203 303 4246 nt
313 4193 386 4252 tioeei
397 4196 557 4254 Aristotelis
569 4195 730 4261 auctoritas,
740 4191 821 4254 Poet.
831 4197 877 4250 23.
887 4197 922 4250 Et
935 4192 1012 4270 quod
1065 4193 1196 4270 phoclem
1212 4195 1298 4252 luisse
1312 4207 1405 4270 negat.
1423 4198 1489 4251 Non
1507 4206 1550 4250 est
1569 4206 1663 4251 autem
1684 4194 1820 4254 credibile

279 4278 384 4340 diximus
407 4283 442 4341 de
475 4282 662 4342 similitudine
694 4280 893 4358 tragediarum
923 4295 953 4340 et
978 4281 1014 4339 de
1065 4279 1102 4337 ab
1117 4285 1244 4338 Homero
1259 4293 1372 4358 poetam
1395 4281 1542 4356 tragicum,
1555 4281 1604 4356 qui
1616 4281 1691 4338 illius
1703 4283 1820 4359 vestigia

279 4370 539 4441 perstruaPhoenicis,
552 4370 581 4426 id
599 4370 680 4428 facile
700 4368 816 4428 delendi
834 4369 1013 4445 potest.Pti—
1066 4366 1175 4444 ubique.
1201 4387 1296 4445 presse
1311 4369 1450 4444 seqnitur,
1475 4367 1546 4424 adeo
1567 4366 1765 4445 discrepuisse,
1789 4383 1821 4427 ut

278 4471 341 4510 tttttttt
361 4457 462 4515 chorus
483 4456 640 4534 Dolopum,
659 4471 719 4514 tum
737 4457 798 4533 ipsc
811 4455 952 4515 Phoenicis
964 4456 1015 4513 ad·
1065 4454 1179 4511 Ulixem
1192 4453 1336 4510 omitteret
1351 4455 1380 4510 in
1394 4453 1478 4510 rebtts
1489 4453 1584 4529 gestis,
1606 4454 1711 4531 quibus
1731 4456 1820 4512 inter-

278 4557 362 4600 natus
375 4546 440 4604 satis
459 4545 611 4624 perspicue
628 4545 782 4604 maximum
801 4563 818 4602 ιι
839 4543 1014 4619 Scyriisdis-
1064 4541 1151 4599 sitisse
1173 4541 1209 4600 ab
1230 4541 1292 4598 aliis
1320 4539 1497 4619 perhibetur.
1524 4543 1622 4598 Potius
1649 4541 1820 4600 crediderim

277 4630 368 4689 miraeo
392 4633 518 4702 indicat;
548 4631 653 4688 deinde
683 4652 747 4688 cttnt
770 4631 928 4689 Philocteta
955 4650 1014 4688 non
1064 4630 1189 4686 ailluisse
1208 4627 1336 4705 quidem,
1357 4641 1385 4684 at
1401 4647 1461 4686 non
1482 4629 1576 4706 primo
1600 4629 1674 4686 loco.
1700 4631 1820 4688 Accedit

276 4721 519 4793 nrttiparandusest
531 4719 651 4779 Plroenix
663 4739 756 4795 neque
767 4719 825 4776 nllo
837 4731 922 4796 pacto
934 4722 1011 4775 Neo·
1064 4716 1142 4794 quod
1158 4714 1315 4794 Sophocles
1333 4716 1394 4792 ipse
1409 4715 1493 4794 (Phil.
1514 4719 1569 4782 343
1591 4718 1683 4794 seqq.)
1704 4718 1818 4776 Ulixem

278 4806 411 4878 ptolemus,
424 4809 476 4886 qui
493 4829 544 4864 sna
564 4819 667 4886 sponte
678 4807 820 4883 narigarit
838 4807 940 4883 plenus
961 4805 1014 4862 de-
1064 4811 1182 4879 Scyrum
1194 4803 1354 4881 profectum
1369 4823 1430 4860 esse
1444 4802 1586 4880 perhibet.
1599 4803 1709 4861 Deinde
1726 4809 1820 4879 Lyco-

277 4888 446 4963 sitlerii,dum
466 4895 632 4954 Philoctetae
646 4905 707 4951 erat
724 4892 857 4970 precibus
871 4893 1012 4950 oraculis·
1064 4894 1175 4950 medem
1191 4906 1219 4950 et
1233 4892 1412 4950 Deidamiam
1438 4912 1495 4950 uon
1514 4893 1698 4962 excluserim
1713 4893 1820 4952 chorus

277 4993 323 5047 ‘lue
337 4981 554 5053 persttadendntn
572 4997 603 5038 ut
621 4982 650 5039 in
664 5000 765 5058 agrum
776 4979 933 5056 Trrijanum
946 4980 1013 5036 abi·
1063 5001 1080 5038 e
1102 4981 1262 5058 Dolopibus
1287 4979 1453 5050 constabat,
1479 4981 1530 5057 qui
1554 4980 1716 5039 Phoetricem
1740 4996 1820 5040 erant

278 5075 319 5118 ret,
334 5071 392 5136 Qua
405 5089 434 5127 re
448 5071 533 5126 etiam
546 5069 686 5125 Phoenicis
703 5087 825 5144 persona
837 5067 1012 5140 defenditur,
1063 5071 1165 5138 secuti,
1180 5087 1239 5125 non
1256 5069 1355 5125 insulas
1379 5069 1488 5127 incolis.
1510 5069 1554 5127 illi
1575 5069 1628 5126 soli
1647 5089 1712 5126 cum
1733 5069 1819 5127 Phre-

277 5151 317 5220 ιιιιί
336 5173 396 5212 eum
418 5159 477 5214 suis
497 5156 534 5212 ad
553 5157 674 5214 insulam
698 5156 809 5233 appulit
834 5174 1013 5233 puerumque
1064 5155 1127 5213 nice
1153 5153 1369 5214 conveniebant.
1393 5155 1461 5212 Veri
1492 5155 1582 5214 simile
1610 5168 1652 5212 est
1679 5157 1820 5234 tragedia·

278 5243 392 5314 mpscit
401 5263 485 5319 quem
496 5242 562 5320 jure
573 5242 609 5300 ad
626 5243 802 5301 ulciscendos
814 5243 903 5319 patris
917 5263 1011 5300 manes
1063 5244 1147 5300 initio
1161 5243 1341 5301 introductos
1361 5243 1580 5320 Neoptolemum
1599 5257 1628 5302 et
1641 5245 1815 5315 Phoenicem,

278 5339 391 5398 repetere
408 5331 499 5390 sideri
516 5334 617 5407 potuit.
639 5337 828 5388 Accesserant
845 5330 930 5388 etiam
944 5351 1012 5387 ora-
1063 5329 1168 5388 deinde
1183 5329 1372 5406 Lycomedem
1383 5330 1719 5409 etUeidamiatu,qttibns
1731 5335 1817 5390 Phoe-

278 5411 330 5468 ttrla
343 5415 477 5493 de‘l'rojae
490 5419 613 5490 excidio,
629 5439 693 5495 quae
713 5416 939 5494 splendidissime
957 5420 1012 5477 lor·
1063 5419 1112 5474 nix
1137 5431 1237 5494 aperte
1258 5419 1391 5494 exposuit
1416 5438 1467 5474 cur
1487 5418 1517 5475 in
1538 5419 1659 5477 insulam
1687 5421 1817 5480 venisset.

279 5507 338 5556 lasse
349 5503 460 5562 Phoenix
474 5527 569 5564 coram
591 5507 755 5583 Lycomede
772 5527 839 5583 rege
855 5518 884 5560 et
902 5506 1008 5564 Deida-
1063 5504 1264 5564 Retritentibtts
1278 5506 1336 5564 illis
1351 5517 1497 5584 postremo
1512 5510 1663 5584 persuasit,
1687 5521 1718 5564 ut
1739 5512 1817 5566 Neo·
