4567 6425
444 725 502 779 360

445 846 518 904 vinci
533 846 641 922 nequit,
655 844 704 903 sed
715 844 789 902 dolis
803 842 991 901 removendus
1004 854 1055 899 est.
1067 840 1195 919 AEgyptii

438 950 496 1006 ‘per
508 930 651 989 Danaides
663 932 820 998 intereunt3
839 931 961 987 Minosn
975 929 1072 987 Cocali
1086 928 1197 986 filiabus

436 1014 502 1073 ¹rita
534 1018 671 1094 privatur.
700 1019 811 1076 Chorus
843 1017 957 1074 videtur
983 1015 1195 1093 oppidanorum

445 1105 537 1161 luisse.
552 1105 705 1176 Quomodo
723 1118 807 1181 poeta
824 1107 852 1161 in
868 1105 984 1180 reliquis
1007 1103 1130 1161 bibulam
1145 1122 1197 1158 es-

444 1192 563 1268 oruarit,
585 1212 703 1269 prorsus
723 1194 881 1270 ignoratur.
901 1192 1032 1250 Daedalus
1052 1212 1069 1248 a
1091 1190 1197 1249 Cocalo

442 1282 564 1337 comiter
588 1294 720 1357 receptus
744 1300 805 1339 esse
832 1281 960 1353 videtur,
990 1298 1078 1352 quum
1104 1279 1197 1337 hliuos

443 1365 524 1422 illum
538 1368 695 1443 repetitum
709 1367 738 1423 in
757 1368 878 1424 insulam
899 1366 1028 1437 advenit;
1049 1386 1099 1423 rex
1119 1366 1195 1442 peri-

443 1453 509 1509 culo
530 1466 676 1530 permotus
693 1473 780 1531 quum
796 1455 888 1526 ⁴initio
907 1453 1025 1511 reddere
1048 1454 1128 1510 illum
1149 1472 1196 1509 νο-

382 1576 387 1582 ·
444 1540 1196 1618 luerit‚postealiliabusinstigantibusretinet.illinus,

444 1628 493 1702 qui
507 1628 635 1685 exercitu
646 1629 787 1686 instructo
802 1629 937 1699 venisset,
956 1628 1056 1705 repelli
1075 1648 1132 1683 uon
1145 1646 1197 1703 po-

444 1715 512 1784 tuit;
525 1728 554 1771 at
566 1734 654 1791 quum
666 1728 797 1791 receptus
809 1716 904 1773 multis
916 1715 1064 1773 laboribus
1077 1734 1196 1791 supera-

444 1801 479 1858 tis
495 1801 597 1859 balneo
617 1803 717 1873 utitur,
731 1803 912 1860 interimitur.
933 1802 1082 1859 Exercitus
1092 1801 1196 1858 amisso

444 1888 516 1945 dure
526 1901 626 1964 postea
639 1889 743 1947 iniecta
755 1909 787 1947 re
801 1890 831 1947 in
847 1891 969 1968 patriam
985 1888 1066 1947 redit.

482 1978 651 2053 Fragmenta
670 1976 793 2053 quodam
812 1989 898 2055 pacto
912 1978 1047 2053 explicari
1069 1988 1195 2051 possunt.

443 2063 623 2139 Hesychius,
657 2092 668 2112 ·
688 2062 863 2142 κωχεῦουσιν,
889 2091 901 2116 ι
931 2067 1043 2141 δχοῦσι,
1072 2061 1197 2141 μετεωρί-

389 2177 391 2180 ·
442 2153 528 2217 ζουσι·
550 2178 562 2201 ι
577 2150 665 2209 πιστοί
686 2173 719 2225 με
738 2153 874 2230 Σοροκλῆς
897 2149 1012 2226 καμέκην
1037 2148 1196 2227 rotgericorte

442 2235 687 2317 s’ppoparis'npac.»
713 2239 835 2312 Etymol.
858 2242 919 2295 MS.
944 2239 971 2293 iu
994 2236 1108 2293 Ruhnk.
1132 2244 1194 2293 Λιι-

442 2339 509 2383 ctar.
522 2348 528 2380 ι
543 2322 724 2401 lingniacum,
738 2325 841 2401 δχοῦοι,
854 2323 1044 2403 μετεωρίζουσι.
1060 2324 1195 2401 Σοφοκλῆς

443 2412 590 2487 Καμικοῖς·

348 2565 351 2572 ’
442 2544 525 2622 [662]
548 2543 658 2610 Πιοτοέ
675 2570 711 2632 με
729 2546 906 2635 κωχεύουσιν
923 2545 952 2609 ἐν
969 2546 1046 2634 ρορᾷ
1062 2536 1167 2633 δέμας.

442 2684 515 2736 Sunt
527 2678 613 2735 verba
626 2679 735 2737 Daedali
744 2681 794 2756 (μή
809 2679 954 2756 quomodo
969 2680 999 2737 iu
1013 2680 1132 2735 insulam
1149 2699 1197 2735 ve-

442 2766 530 2835 nerit,
544 2780 649 2829 narrat,
669 2766 755 2837 Quod
766 2786 854 2842 qumu
868 2768 987 2826 Cocalus
999 2768 1116 2825 miretur
1130 2766 1197 2823 talia

443 2873 554 2927 ausum,
563 2853 696 2912 Daedalus
706 2854 859 2931 respondet
871 2856 969 2930 (tuem.
981 2853 1137 2910 histrum.
1150 2856 1198 2924 Vl,

442 2962 470 3018 r·
484 2953 535 3013 74¹
551 2944 579 3020 )=

441 3080 523 3157 [636]
543 3081 609 3144 Οὐκ
621 3078 686 3144 icas
699 3082 760 3155 τοῖς
774 3080 814 3168 μὴ
830 3070 924 3168 δρῶσι
936 3079 1092 3168 σύμμαχος
1106 3080 1195 3167 τύχη.

442 3227 538 3281 Potest
550 3242 649 3280 versus
658 3223 735 3280 illius
747 3243 862 3301 quoque
875 3245 945 3296 esse,
955 3224 1005 3300 qui
1018 3223 1134 3281 insidias
1144 3223 1197 3278 ad·

442 3329 541 3368 versus
561 3312 685 3368 Minoem
710 3312 805 3369 suasit.
829 3318 866 3369 At
890 3324 1084 3368 memorantur
1112 3312 1197 3368 etiarn

440 3396 546 3456 Daedali
558 3397 670 3455 delicta.
683 3397 783 3454 Athen.
797 3401 848 3466 tx,
861 3417 888 3472 p.
903 3399 969 3464 388,
982 3402 1020 3455 F:
1034 3394 1140 3475 Πέρδιξ·
1152 3400 1198 3454 τοῦ

441 3484 565 3562 ὀνόματος
579 3488 641 3543 ἔνιοι
657 3483 828 3542 συστέλλουσι
841 3482 889 3554 τὴν
904 3483 987 3560 μέσην
1002 3483 1146 3554 ουλλαὸὴν,
1161 3487 1198 3550 ὡς

443 3571 606 3651 Ἀρχέλοχος’
622 3570 688 3630 πολὺ
704 3571 732 3630 δέ
749 3573 805 3629 ἐστι
822 3571 852 3628 τὸ
873 3570 1048 3646 ἐκτεινόμενον
1061 3569 1134 3648 παρὰ
1147 3579 1199 3636 τοῖς

443 3659 576 3725 Ἀττικοῖς.
587 3662 654 3740 Sap.
677 3659 830 3732 Καμικίοις·

676 3795 757 3874 [664]
770 3776 893 3883 ὀρνιδος
909 3789 973 3862 ἦλθ’
990 3794 1143 3882 ἐπώνυμος

493 3899 641 3996 Πέρδικος
655 3911 684 3972 ἐν
701 3912 824 3983 κλεινοῖς
837 3896 993 3978 diluendos
1010 3904 1128 3994 recipcre.

442 4040 524 4098 Phor.
538 4059 566 4116 p.
580 4040 645 4104 [13.
661 4041 693 4093 15
704 4051 732 4094 et
742 4037 820 4094 Suid.
835 4039 863 4095 iu
875 4035 1091 4116 Πέρδικοςὶερέν.
1105 4082 1111 4095 .
1125 4080 1131 4093 .
1150 4038 1198 4095 Σο·

441 4127 540 4206 ροκλῆς
548 4122 576 4182 δέ
585 4125 612 4181 έν
625 4122 762 4199 Καμικέοις
773 4124 993 4200 (Ιίὺιίκωμικσῖς)
1002 4123 1083 4200 [635]
1092 4123 1135 4180 τὸν
1148 4123 1198 4182 ὓπδ

443 4211 572 4270 Δαιδάλου
587 4208 754 4289 ἀναιρεθέντα
769 4210 885 4288 Πέρδικα
897 4201 962 4268 εἶναι
975 4209 1097 4286 τοῦνομα.
1110 4212 1195 4269 Aliud

402 4300 404 4303 ’
443 4300 630 4375 fragmentum
644 4312 686 4354 est
699 4297 775 4374 apud
789 4298 954 4355 Athenaeum
971 4302 1030 4368 ΙΙΙ,
1048 4319 1076 4374 p.
1088 4299 1141 4369 86,
1153 4302 1196 4368 D,

442 4389 519 4465 quod
531 4386 566 4444 ad
578 4387 695 4444 insidias
705 4386 793 4442 illiuoi
804 4399 924 4443 structas
935 4387 1114 4443 referendum
1126 4406 1196 4442 ren-

442 4494 506 4531 seo:
527 4475 590 4532 Τῶν
606 4473 761 4552 capabilem
782 4471 938 4549 μνημονεύει
958 4472 1002 4529 καὶ
1017 4474 1153 4554 Σοροκλῆς
1171 4474 1196 4530 ἐν

446 4560 587 4638 Καμικέοις
600 4558 693 4625 οὕτως·

442 4697 523 4779 [666]
537 4683 629 4771 ltin
646 4691 818 4785 στραίηλου
836 4686 941 4778 τῆσδε,
959 4699 1070 4776 τέκνον,
1088 4693 1114 4760 ti
1130 4720 1198 4761 τινα

538 4801 687 4897 δυναίμεθ’
702 4813 800 4894 εὑρεῖν.

984 709 1190 771 soeuoctts
1211 708 1459 769 ruauuuutt.

1248 842 1371 900 Videtur
1383 843 1459 899 enim
1472 839 1626 898 strabelum
1644 839 1827 916 descripsisse
1840 860 1919 919 tegre
1929 842 1983 901 dhe

1248 929 1384 1006 additque
1402 928 1546 985 cochleam
1563 928 1675 1003 egregie
1689 940 1785 1004 aptam
1802 928 1983 1005 adapertum

1249 1018 1391 1077 iaciendas
1420 1021 1507 1077 instar
1538 1017 1666 1075 terebra.
1692 1019 1777 1076 Ratio
1803 1032 1895 1077 autem
1918 1022 1983 1077 inre·

1248 1107 1352 1165 uieuda
1372 1120 1447 1175 erat,
1460 1127 1517 1184 qua
1538 1127 1611 1184 aqua
1629 1106 1738 1164 lerrida
1756 1109 1784 1164 in
1804 1106 1929 1165 balneum
1941 1110 1983 1165 iar·

1249 1196 1367 1274 proviso
1379 1195 1587 1253 infunderetur.

1287 1287 1387 1341 Exstat
1408 1295 1544 1360 praeterea
1561 1282 1750 1359 iragurentum
1766 1280 1844 1357 qrrrid
1858 1282 1934 1358 plane
1946 1284 1984 1339 in·

1248 1382 1358 1427 certum
1376 1382 1418 1428 est
1436 1371 1510 1428 sitne
1530 1369 1596 1426 huic
1618 1367 1762 1445 tragoediae
1785 1366 1985 1426 adscribendum

1248 1476 1344 1515 necue.
1365 1462 1491 1516 Joannes
1509 1462 1701 1514 Damascenus
1716 1456 1746 1512 in
1765 1456 1852 1513 Gaisl.
1871 1456 1985 1533 Append.

1247 1543 1283 1601 ad
1294 1544 1377 1603 Stob.
1392 1546 1448 1601 rol.
1461 1548 1508 1616 ΙΙΙ,
1521 1564 1548 1620 p.
1563 1546 1599 1601 36
1612 1566 1618 1601 ι
1633 1543 1775 1623 Εὐριπίδου
1790 1544 1928 1619 liupuni·

1248 1674 1329 1751 [631]
1351 1650 1445 1748 ὅστις
1456 1670 1518 1747 νέος
1536 1670 1574 1735 ὣν
1591 1678 1709 1760 μουσῶν
1727 1668 1834 1759 ἀμελεῖ

1352 1784 1405 1849 τόν
1421 1809 1456 1849 τε
1470 1785 1648 1873 παρελθόντ’
1666 1783 1803 1849 ἀπόλωλε
1820 1784 1920 1874 χρόνον

1351 1895 1401 1961 καὶ
1417 1898 1467 1962 τὸν
1486 1896 1637 1985 μέλλοντα
1652 1896 1783 1967 τέθνηκε.

1248 2023 1424 2081 Gaislordius
1444 2020 1566 2097 conjecit
1580 2018 1743 2102 Σοφοκλέους
1771 2020 1907 2097 Καμοιέοιν
1924 2022 1985 2075 scri-

1249 2110 1383 2181 bendum,
1405 2129 1504 2187 parum
1518 2108 1719 2188 probabiliter.
1734 2114 1774 2165 At
1790 2110 1813 2166 si
1830 2108 1941 2183 pertinet
1955 2106 1985 2163 ad

1248 2198 1322 2255 hanc
1338 2198 1512 2274 tragediam,
1524 2198 1605 2255 chori
1618 2210 1661 2255 cst
1684 2196 1792 2255 Daedali
1812 2208 1898 2254 rrrtem
1909 2196 1984 2252 admi·

1248 2288 1345 2343 rantis.

1287 2486 1491 2543 lleceusuimus
1505 2484 1561 2541 huc
1576 2500 1667 2558 usque
1680 2480 1882 2557 tragoediarum
1893 2480 1983 2547 titulus,

1248 2594 1320 2651 qrros
1334 2594 1349 2630 a
1365 2572 1509 2631 veteribus
1526 2570 1721 2650 grammaticis
1733 2568 1882 2645 Sophoclis
1895 2581 1983 2643 tragnh

1249 2661 1304 2718 diis
1319 2672 1395 2717 recte
1410 2657 1534 2717 adscribi
1550 2658 1723 2728 censuimus,
1736 2669 1825 2732 atque
1841 2654 1986 2730 ubieunque

1248 2748 1377 2825 qrraedam
1404 2748 1433 2804 in
1459 2748 1575 2805 nomine
1604 2744 1740 2803 remansit
1769 2742 1920 2813 dubitatio,
1946 2744 1985 2799 illa

1248 2858 1361 2915 semper
1381 2836 1435 2894 suit
1455 2832 1613 2913 ejusmodi,
1639 2847 1669 2890 ut
1692 2833 1813 2889 diversis
1831 2830 1985 2908 arguuieutis

1249 2926 1374 2986 excussis
1404 2924 1474 3002 quid
1498 2924 1635 2999 tragicum
1652 2936 1746 2993 esset,
1770 2922 1852 2979 tacite
1881 2919 1984 2997 perspici

1250 3028 1355 3091 posset.
1373 3013 1468 3070 Secuti
1482 3032 1549 3069 vero
1570 3012 1770 3068 auctoritatem
1792 3029 1889 3067 eorum
1910 3010 1984 3065 iuter·

1249 3116 1373 3181 pretum,
1388 3102 1438 3179 qui
1456 3102 1506 3159 has
1519 3098 1718 3177 tragediarum
1738 3098 1876 3175 reliquias
1894 3114 1985 3152 summa

1249 3213 1316 3250 <tura
1330 3191 1571 3270 pervestigarunt,
1587 3206 1693 3266 paucos
1703 3186 1803 3243 titulos
1816 3182 1986 3242 removendos

1249 3283 1422 3351 censuimus,
1437 3281 1465 3338 in
1480 3276 1584 3355 quibus
1598 3295 1729 3355 personae
1744 3293 1860 3342 nomen,
1875 3293 1927 3330 non
1940 3285 1987 3326 tra-

1248 3369 1347 3446 gndiae
1360 3370 1447 3427 latere
1461 3365 1613 3446 probabile
1627 3365 1691 3436 suit,
1707 3377 1757 3420 aut
1774 3363 1824 3440 qui
1839 3363 1908 3418 salso
1920 3371 1986 3416 eraut

1248 3472 1277 3517 et
1299 3479 1398 3517 errore
1418 3459 1669 3536 grammaticorum
1692 3455 1721 3512 iu
1745 3454 1875 3511 ordinem
1897 3465 1985 3524 tragrc·

1249 3549 1360 3606 diarum
1378 3547 1468 3606 relati.
1482 3544 1689 3622 inscriptiones
1706 3556 1800 3600 tamen
1816 3541 1880 3598 duae
1891 3559 1985 3597 mman-

1248 3649 1355 3705 seruut,
1370 3657 1441 3713 spiras
1455 3634 1568 3692 dubites
1585 3653 1673 3711 quum
1691 3633 1747 3688 sint
1770 3631 1890 3687 maxime
1906 3625 1986 3685 ambi·

1249 3743 1310 3802 guae
1339 3738 1367 3782 et
1396 3724 1512 3780 iucertae
1541 3722 1587 3778 ciri
1622 3719 1803 3798 potissimum
1838 3729 1987 3792 argumento

1251 3811 1396 3881 vindices,
1411 3831 1463 3868 uec
1479 3821 1603 3880 constat,
1623 3820 1719 3866 utrmu
1741 3827 1842 3864 revera
1863 3803 1988 3882 tragedia

1249 3900 1355 3957 luerint
1378 3919 1413 3956 an
1433 3899 1502 3955 meri
1526 3897 1777 3976 grarumaticorum
1792 3913 1909 3952 errores.
1928 3897 1987 3949 Suu

1247 4001 1341 4044 autem
1375 3987 1510 4045 Eumelus
1539 3999 1567 4042 et
1588 3985 1812 4062 Xoaneplroroe‚
1838 3983 1873 4039 de
1896 3978 1987 4057 ignibus

1249 4097 1336 4155 pauca
1351 4075 1486 4153 deinceps
1498 4076 1603 4134 dixisse
1616 4076 1746 4133 sulliciet.

1569 4237 1670 4254 a*

1529 4323 1720 4384 uuustus

1289 4466 1423 4524 Eumelus
1439 4463 1482 4521 bis
1497 4463 1602 4520 citatur
1615 4480 1631 4518 a
1645 4459 1791 4518 veteribus
1803 4457 1983 4536 grammaticis.

1248 4554 1285 4610 ab
1299 4551 1442 4628 Hesyehio
1460 4563 1489 4608 et
1502 4550 1741 4626 Harpocratione.
1759 4555 1794 4604 At
1813 4547 1886 4624 apud
1905 4549 1982 4616 liest-

1249 4643 1344 4700 chium
1370 4642 1447 4697 locus
1473 4636 1553 4695 valde
1577 4636 1703 4694 incertus
1722 4651 1765 4694 est
1781 4659 1788 4691 r
1804 4636 1914 4712 Αἵματος
1933 4623 1984 4688 ἶσαι

1248 4729 1346 4807 Ἄρηα·
1363 4725 1471 4805 αἵματος
1485 4724 1591 4806 κορέσαι
1611 4722 1641 4781 τὸ
1653 4721 1722 4802 δόρυ.
1736 4721 1772 4783 Ἣ
1788 4723 1879 4802 αἵματι
1892 4721 1986 4800 μολῦναι

1250 4819 1293 4876 καλ
1310 4822 1413 4897 χρῶσαι
1427 4815 1498 4875 αὐτό.
1518 4815 1584 4887 'dnn
1608 4813 1657 4893 γδρ
1678 4819 1695 4885 ἡ
1717 4815 1838 4896 ῥυπαρία.
1860 4813 1932 4872 Ὄδιν
1947 4805 1985 4866 xal

448 4923 1985 4954 Μ

513 5065 583 5120 Certi
598 5063 663 5119 milu
675 4992 850 5119 sustineriddi
864 5063 953 5120 volam
967 5079 1077 5136 corpus.

498 5222 615 5274 Fortuna
626 5234 690 5283 eos,
704 5220 749 5291 qui
761 5149 955 5283 nihilaudeot,
967 5235 1022 5274 uon
1031 5220 1116 5290 jurat.

703 5375 746 5431 Ab
759 5304 1028 5446 averadognominatus
1039 5378 1110 5431 veuit

497 5449 607 5508 Perdice
622 5451 648 5506 in
662 5453 802 5509 celebratis
815 5455 1020 5511 Atheniensium
1036 5456 1120 5526 pagis.

1319 5061 1459 5152 Maritima
1471 5059 1553 5150 hujus
1566 4988 1690 5128 sriddsu,
1704 5060 1757 5114 filia
1769 5059 1810 5125 ,si
1821 5073 1898 5132 qusai

1317 5155 1453 5212 possimus
1465 5155 1590 5210 reperire.

1338 5299 1390 5366 Qui
1405 5313 1487 5368 quum
1497 5223 1651 5366 juventiiii
1663 5299 1754 5352 illusas
1767 5295 1877 5374 negligit

1335 5383 1361 5430 et
1374 5383 1508 5446 praeterito
1520 5383 1641 5447 tenpore
1653 5375 1729 5448 periit

1334 5465 1359 5510 et
1374 5456 1465 5512 l'uturo
1479 5463 1602 5510 mortuus
1615 5462 1665 5510 est.
