4567 6425
416 743 434 790 s
661 729 948 788 tlttotttttossu.

519 859 548 919 οὐ
560 858 610 939 γάρ
622 858 680 919 ποτ’
690 861 756 940 ἐρεῖς
764 863 800 927 όις
811 862 937 921 Ὠκεανοῦ

523 946 597 1028 φίλος
607 947 663 1006 ἐστί
675 947 840 1029 βεύαιάτερός
848 972 898 1008 σοι.

695 1053 901 1099 ΠΡΟΜΗΘΕΥΣ.

477 1121 546 1194 Ἔα,
556 1123 583 1181 τί
594 1128 700 1202 χρῆμα,
712 1124 758 1182 καὶ
770 1123 802 1183 σὺ
814 1124 845 1195 δὴ
857 1123 943 1182 πόνων
953 1128 1023 1202 ἐμῶν

478 1208 550 1280 ήκεις
561 1209 675 1282 ἐπόπτης
680 1235 689 1284 ;
702 1216 758 1278 πῶς
769 1210 929 1290 ἐτόλμησας,
941 1209 1024 1270 λιπὼν

427 1316 468 1356 σου
485 1296 622 1376 ἐπώνυμόν
632 1322 662 1357 τε
674 1303 758 1379 ῥεῦμα
770 1298 815 1357 καλ
827 1304 977 1381 πετρηρεφῆ

482 1383 611 1443 αὐτόκτιτ’
624 1384 705 1466 άντρα
712 1432 720 1458 ,
731 1385 778 1457 τήν
791 1387 986 1470 σιδηρομήτορα

479 1473 560 1530 ἐλθεῖν
571 1473 597 1538 ἔς
609 1463 683 1546 αἶανς
694 1466 711 1545 ἦ
723 1474 860 1555 θεωρήσων
870 1473 951 1554 τύχας

481 1558 546 1635 ἐμάς
557 1559 646 1641 ἀφῖξαι
656 1561 702 1620 καλ
710 1561 880 1642 ξυνασχαλῶν
890 1571 993 1634 κακοῖς

479 1646 578 1728 Δέρκου
589 1647 690 1726 θέαμα,
701 1649 775 1708 τόνδε
786 1649 830 1708 τὸν
841 1649 902 1718 Διδς
913 1650 1001 1732 φίλον,

426 1765 465 1796 ars
479 1738 523 1799 τδν
535 1741 787 1819 συγκαταστήσαντα
796 1741 844 1815 τήν
856 1743 1010 1824 τυραννίδα,

481 1827 547 1896 olore
559 1829 603 1887 ὑπ’
615 1832 693 1888 αὐτοῦ
706 1838 851 1908 πημοναῖσι
862 1831 1028 1910 κάμπτομαι.

725 1933 882 1981 ΩΚΕΑΝΟΣ.

483 2001 573 2082 ‘Opim
588 2005 744 2084 Προμηθεῦ,
757 2002 802 2061 καλ
814 2004 971 2084 παραινέσαι
981 2004 1012 2084 γί
1023 2026 1064 2064 σοι

479 2088 546 2148 θέλω
554 2089 589 2148 τά
600 2092 703 2171 λῷστα,
717 2090 813 2170 καίπερ
824 2091 879 2150 ὄντι
890 2093 1009 2174 ποικίλη).

479 2175 612 2254 Γίγνωσκε
624 2178 719 2237 σαυτὸν
730 2179 776 2236 καλ
788 2177 953 2261 μεθάρμοσαι
961 2179 1072 2261 τρόπους

426 2284 466 2323 ato
479 2262 562 2331 νέους·
573 2265 629 2332 νίος
639 2266 691 2346 γάρ
700 2266 746 2325 καί
755 2265 881 2346 τύραννος
893 2270 920 2326 ἐν
932 2272 1010 2335 θεοῖς.

481 2354 514 2412 Εἰ
526 2353 548 2410 δ’
559 2343 610 2411 dte
621 2357 727 2433 τραχεῖς
737 2354 783 2412 καὶ
791 2355 963 2434 τεθηγμένους
974 2355 1064 2434 λόγους

482 2439 579 2521 ῥίψεις,
591 2440 652 2521 τάχ’
665 2443 697 2500 ἄν
709 2465 755 2500 σου
769 2443 813 2501 καλ
826 2443 930 2523 μακράν
942 2443 1062 2524 ἀνωτέρω

479 2533 565 2587 θακῶν
575 2529 650 2588 κλύοι
662 2528 741 2603 Ζεὺς,
752 2529 821 2590 ὥστε
833 2555 874 2592 σοι
884 2531 929 2590 τὸν
940 2537 985 2591 νῦν
996 2533 1075 2610 γολον

478 2615 596 2696 παρόντα
609 2617 714 2697 μάγθων
725 2616 832 2676 παιδιάν
844 2611 910 2677 εἶναι
922 2601 1016 2680 δοκεῖνί

426 2725 466 2764 ars
481 2694 593 2778 Ἀλλ’,ὐ
607 2705 762 2788 ταλαίπωρ’,
776 2707 886 2787 θςέχεις
897 2707 974 2788 θργθις
986 2707 1063 2789 ἄφες,

479 2793 549 2864 ζήτει
562 2790 590 2850 δὲ
600 2795 681 2852 τῶνδε
691 2792 824 2871 πημάτων
836 2796 1000 2874 ἀπαλλαγάς.

479 2880 579 2961 Ἀρχαὶ4
589 2879 651 2948 ἴσως
662 2904 703 2941 σοι
714 2881 841 2962 φαίνομαι
851 2883 936 2962 λέγειν
947 2883 1021 2942 τάδε·

478 2974 585 3027 τοιαῦτα
598 2968 688 3044 μέντοι
698 2973 745 3040 τῆς
757 2968 825 3048 άγαν
837 2970 969 3052 ὑψηγόρου

478 3054 611 3133 γλώσσης,
625 3057 780 3134 Προμηθεῦ,
789 3055 933 3136 ’τάπίχειρα
944 3056 1069 3137 γίγνεται.

426 3164 466 3200 auo
480 3141 520 3203 Σύ
531 3143 555 3200 δ’
566 3141 668 3201 οὐδέπω
679 3141 800 3209 ταπεινὸς
813 3143 867 3202 οὐδ’
879 3143 956 3210 είκεις
967 3152 1069 3214 κακοῖς,

479 3230 544 3310 πρὸς
554 3240 607 3298 τοῖς
617 3236 731 3312 παροῦσι
742 3231 765 3289 δ’
775 3230 844 3290 άλλα
855 3232 1015 3312 προσλαύεῖν
1027 3231 1117 3297 θέλεις.

477 3316 580 3377 Οὔκουν
592 3316 681 3394 ἔμοιγε
691 3316 828 3397 χρώμενος
838 3318 989 3401 διδασκάλῳ

478 3407 541 3487 πρὸς
551 3406 646 3485 κέντρα
658 3406 743 3463 κῶλον
755 3407 880 3479 ἐκτενεῖς,
892 3411 959 3487 δρῶν
970 3408 1010 3469 δτι

478 3493 575 3574 τραχὺς
587 3493 718 3573 μόναρχος
729 3493 783 3553 οὐδ’
795 3493 935 3561 ὑπεύθυνος
946 3497 1045 3576 κρατεῖ.

425 3603 464 3642 aas
479 3582 534 3641 ilat
545 3587 590 3639 νῦν
604 3581 656 3657 ἐγὼ
667 3581 713 3659 μὲν
725 3572 780 3657 εἶμι
791 3582 837 3641 καί
847 3583 1009 3663 πειράσομαι

479 3668 524 3727 ἐὰν
537 3667 656 3747 δύνωμαι
666 3667 748 3726 τῶνδέ
760 3670 784 3727 σ’
798 3670 906 3727 ἐκλῦσαι
916 3669 1016 3752 πόνων·Ι

473 3757 504 3815 σὺ
518 3758 540 3815 δ’
552 3755 669 3836 ἡσύχαζε
682 3756 744 3832 μηδ’
755 3755 823 3833 ἄγαν
834 3756 1021 3837 λαόροστόμει.

479 3843 517 3906 Ἢ
530 3847 577 3904 οὐκ
588 3835 653 3903 οἷσθ’
666 3842 781 3925 ἀκριύῶς
793 3843 830 3902 ὢν
839 3844 1021 3926 περισσόφρων
1033 3845 1074 3903 ότι

480 3932 587 4012 γλώσσῃ
601 3932 701 4012 ματαία
714 3931 796 4008 ζημία
806 3933 1010 4014 προστρίόεται,

706 4036 909 4084 ΠΡΟΜΗΘΕΥΣ.

427 4132 468 4171 κιο
482 4114 563 4182 Ζηλῶ
575 4112 598 4169 σ’
609 4110 723 4170 ὁθούνεκ’
735 4109 808 4176 ἐκτὸς
819 4108 904 4176 αἰτίας
915 4118 1014 4190 κυρεῖς,

479 4198 585 4258 πάντων
598 4196 739 4278 μετασχὼν
752 4197 798 4256 καὶ
808 4196 977 4275 τετολμηκὼς
988 4198 1055 4275 ἐμοί.

480 4286 533 4347 ilat
544 4291 589 4344 νῦν
600 4286 677 4344 ἔασον
690 4284 757 4363 μηδέ
768 4308 810 4344 σοι
822 4285 973 4363 μελησάτω·

479 4375 582 4441 πάντως
593 4373 645 4455 γάρ
658 4376 688 4433 οὐ
699 4374 797 4439 πείσεις
810 4398 861 4431 νιν·
873 4376 904 4432 οὐ
915 4373 966 4453 γθρ
978 4374 1093 4444 εὐπιθής.

481 4463 618 4525 ΙΙάπταινε
631 4462 654 4522 δ’
666 4462 743 4528 αὐτὸς
755 4462 793 4537 μή
802 4484 828 4519 τι
839 4467 981 4543 πημανθῇς
992 4464 1052 4542 ὁδῷ.

564 4543 570 4556 ’
723 4567 881 4613 proauos.

426 4662 466 4700 aas
480 4642 577 4721 Πολλῷ
588 4640 612 4716 γ’
625 4638 739 4717 ἀμείνων
750 4636 810 4705 τούς
820 4637 903 4705 πέλας
913 4644 1020 4719 φρενοῦν
1033 4638 1093 4719 ἔρος

479 4728 496 4800 ’λ
511 4726 618 4789 σαυτόν·
631 4728 699 4808 ἔργῳ
709 4728 757 4785 κού
770 4725 841 4804 λόγῳ
850 4726 1034 4805 τεκμαίρομαι.

481 4814 650 4895 Ὁρμώμενον
663 4814 690 4873 δὲ
703 4814 833 4892 μηδαμῶς
843 4813 1014 4891 ἀντισπάσῃς.

481 4906 563 4982 λῦγῶ
572 4902 624 4983 γάρ
635 4905 710 4981 αὐχῶ
722 4901 800 4974 τήνδε
812 4898 911 4979 δωρεάν
921 4899 980 4975 ἐμοὶ

481 4990 572 5050 δώσειν
585 4991 640 5063 Δί’,
652 4990 720 5049 ὥστε
731 4988 813 5049 τῶνδέ
824 4987 848 5047 σ’
860 4989 969 5045 ἐκλῦσαι
979 4986 1075 5047 πόνων.

695 5092 898 5139 ΠΡΟΜΗΘΕΥΣ.

428 5190 468 5227 aro
481 5167 524 5228 'td
536 5165 583 5245 μὲν
597 5168 619 5225 α’
632 5170 731 5225 ἐπαινῶ
741 5166 861 5243 κούδαμῆ
871 5164 942 5235 λήξω
952 5163 1030 5221 ποτέ·

483 5253 628 5337 προθυμίας
640 5252 690 5333 γάρ
702 5252 774 5311 οὐδὲν
786 5250 921 5318 ἐλλείπεις.
934 5248 1012 5329 ’drap

483 5342 565 5419 μηδὲν
575 5342 663 5400 πόνει·
677 5339 763 5417 μάτην
774 5338 825 5419 γθρ
838 5339 910 5397 οὐδὲν
923 5340 1029 5418 ὠφελῶν

483 5431 542 5509 ἐμοὶ
554 5429 689 5501 πονήσεις,
701 5428 726 5485 εί
736 5450 760 5484 τι
772 5426 817 5485 καὶ
829 5433 915 5484 πονεῖν
927 5426 1016 5492 θέλεις.

483 5518 552 5582 Ἀλλ’
563 5516 679 5597 ἡσύχαζε
692 5516 787 5573 carratas
800 5517 915 5571 ἐκποδὼν
929 5514 1008 5591 ἔχων·

1469 733 1780 796 ΡΙιΟΜΕΤΗΕΗθ.

1217 871 1222 928 l
1273 870 1393 919 nonenim
1404 872 1690 934 unquamdlccsoceano

1216 933 1222 1054 γ
1273 957 1376 1006 amicum
1386 958 1637 1010 tibiesselrrmlorem.

1525 1067 1735 1111 PnotttttrtEUS.

1242 1129 1291 1190 alr,
1301 1131 1359 1194 quid
1369 1133 1402 1182 rei
1411 1137 1463 1182 cst?
1472 1135 1544 1183 etiam
1555 1142 1580 1184 ιιι
1591 1149 1699 1185 meorum
1711 1137 1818 1187 laborum

1242 1223 1360 1281 spectator
1370 1221 1471 1270 venisti?
1480 1223 1600 1284 quomodo
1610 1225 1744 1274 sustinuisti
1755 1225 1850 1276 deserto

1241 1307 1663 1368 cogrmmincllumineettcctlssarro

1241 1394 1329 1443 nativis
1338 1397 1414 1444 antris
1424 1397 1448 1445 in
1459 1397 1532 1457 banc,
1543 1398 1597 1447 lerri
1608 1405 1719 1458 mabam,

1243 1485 1330 1531 terram
1341 1483 1437 1534 venire?
1446 1498 1503 1533 uum
1515 1491 1665 1548 spectaturus
1675 1493 1763 1537 sortern

1242 1582 1318 1618 meam
1328 1572 1449 1620 accessisti
1458 1575 1482 1622 et
1495 1577 1521 1621 ot
1531 1573 1598 1623 malis
1609 1575 1668 1624 meis
1677 1575 1830 1624 condoleres?

1241 1657 1325 1719 Aspice
1335 1659 1510 1721 spectaculum,
1521 1662 1585 1710 bunc
1595 1663 1663 1712 loris
1674 1663 1791 1724 amicum,

1243 1746 1284 1807 qui
1294 1758 1341 1794 una
1350 1759 1406 1795 cum
1415 1760 1444 1796 eo
1454 1749 1603 1810 tyrannidem
1613 1751 1753 1810 constituit,

1240 1832 1328 1895 quibus
1337 1833 1367 1882 ab
1377 1832 1419 1882 illo
1429 1833 1605 1884 calamitatibus
1616 1834 1713 1896 plectar.

1556 1941 1704 1983 occursus.

1240 2007 1332 2069 Video,
1342 2009 1501 2070 Prometheo,
1510 2014 1534 2058 ct
1542 2009 1642 2060 suadere
1651 2009 1694 2059 tibi
1703 2010 1799 2073 quidem

1240 2095 1332 2159 optima
1341 2097 1410 2156 volo,
1420 2099 1543 2159 utcunque
1552 2095 1603 2160 ipse
1613 2097 1696 2147 sollers
1705 2113 1740 2148 es.

1240 2188 1364 2246 cognosce
1374 2187 1398 2234 te
1408 2186 1499 2248 ipsum;
1508 2191 1533 2234 οι
1542 2185 1640 2235 mutatis
1650 2187 1698 2235 tuis
1707 2187 1815 2236 moribus
1824 2187 1911 2252 adoprtu

1239 2285 1328 2332 noros3
1339 2285 1393 2321 nam
1403 2285 1480 2321 novus
1490 2273 1561 2322 etiarn
1572 2277 1681 2335 regnator
1691 2275 1752 2340 inter
1762 2275 1821 2326 rlcrrs
1831 2281 1876 2326 est.

1239 2361 1331 2410 sivero
1341 2363 1389 2409 ιοω
1399 2360 1496 2410 acerbos
1505 2364 1529 2410 et
1538 2361 1658 2429 aculeatos
1667 2376 1788 2414 mucrones

1240 2449 1381 2511 projeceris,
1391 2449 1438 2498 cito
1447 2451 1472 2499 te
1482 2449 1554 2498 etiam
1564 2450 1633 2512 longe
1641 2450 1713 2500 altius

1240 2535 1327 2586 sedem
1336 2537 1429 2599 Jupiter
1438 2535 1533 2598 audiat,
1546 2541 1573 2586 ut
1581 2537 1624 2586 tibi
1634 2551 1689 2601 quse
1699 2553 1762 2588 nuno
1771 2545 1809 2588 est
1821 2541 1855 2589 ira

1240 2637 1346 2687 praeseus
1354 2638 1513 2674 oerumuamm
1525 2639 1609 2686 causa,
1616 2625 1686 2686 iocus
1695 2640 1746 2676 esse
1758 2627 1874 2678 videatur.

1240 2716 1270 2761 At
1281 2748 1287 2772 ,
1298 2725 1313 2760 ο
1323 2712 1402 2772 miser,
1411 2725 1484 2775 quam
1496 2713 1561 2762 loves
1571 2717 1676 2763 mentem
1688 2714 1832 2777 iracundiae,
1840 2729 1893 2765 eam
1902 2717 1992 2780 objice,

1239 2813 1321 2862 quaere
1330 2813 1388 2850 vero
1397 2802 1497 2850 istorum
1507 2801 1623 2850 malorum
1633 2801 1803 2865 depulsionem.

1239 2891 1297 2938 llaec
1307 2888 1351 2938 tibi
1361 2889 1461 2938 tortasse
1470 2889 1578 2938 obsoleta
1589 2888 1668 2939 dicere
1678 2889 1775 2951 rideor;

1241 2977 1295 3025 talla
1304 2979 1385 3026 umen
1394 2975 1466 3026 nimis
1479 2976 1641 3040 grandiloquos

1239 3064 1340 3128 lingum,
1350 3065 1508 3124 Prometheo,
1520 3066 1618 3128 praemia
1626 3065 1747 3115 eveniunt.

1239 3155 1276 3202 'l’u
1285 3157 1365 3201 autem
1376 3165 1424 3201 norr
1433 3165 1459 3202 es
1469 3153 1566 3202 humilis
1577 3165 1654 3215 neque
1665 3151 1730 3202 cedis
1740 3154 1820 3213 malis,

1239 3240 1282 3290 sed
1291 3241 1338 3290 alia
1348 3240 1379 3289 od
1387 3242 1515 3305 praesentia
1524 3242 1562 3290 vis
1572 3240 1708 3303 adpropero.

1240 3330 1292 3378 Non
1301 3328 1382 3391 igitur,
1392 3342 1431 3378 me
1440 3328 1538 3392 quidem
1549 3328 1662 3390 magistro
1673 3330 1693 3377 si
1704 3330 1792 3390 uteris,

1239 3420 1321 3465 contra
1330 3416 1456 3466 stimulum
1466 3415 1550 3479 pedem
1562 3416 1703 3479 protendes,
1715 3430 1790 3479 quom
1803 3418 1921 3477 intelligas

1240 3501 1406 3555 inclementem
1411 3503 1563 3554 monarcham
1569 3518 1613 3553 nec
1620 3504 1750 3554 rationibus
1755 3504 2022 3557 reddendisobnoaiuur

1239 3594 1270 3641 at
1281 3604 1344 3641 nunc
1353 3592 1450 3655 quidem
1459 3590 1580 3641 discedam
1589 3596 1614 3641 et
1623 3592 1734 3653 tentabo,

1241 3679 1262 3727 si
1272 3682 1370 3741 potero,
1380 3678 1418 3727 bis
1429 3684 1452 3727 te
1461 3678 1583 3727 laboribus
1591 3678 1690 3728 liberare
1704 3694 1710 3727 :

1240 3766 1841 3830 turemquiesceaercnlmisprocaciterloquere.
1962 3770 2025 3835 [est.

1239 3859 1275 3904 An
1286 3868 1334 3905 non
1343 3858 1453 3905 accurate
1464 3855 1525 3915 scis,
1537 3868 1613 3917 quum
1631 3856 1666 3905 sis
1676 3857 1751 3919 inagis
1763 3857 1857 3919 sapiens
1870 3872 1943 3920 quam
1961 3862 2025 3909 sutis

1240 3943 1327 4005 lingon
1337 3943 1469 3992 temeraria
1477 3956 1561 4005 pronas
1574 3942 1687 3997 evenire?

1522 4049 1735 4092 auouarnnus.

1240 4120 1339 4168 Beatum
1350 4123 1373 4167 te
1382 4116 1572 4180 prememorati
1582 4123 1650 4167 extra
1658 4118 1753 4180 culpam
1763 4116 1859 4177 rburrcs,

1239 4208 1281 4269 qui
1291 4220 1339 4254 una
1347 4206 1427 4255 omnia
1437 4205 1562 4269 suscepisti
1571 4209 1596 4255 at
1605 4218 1699 4255 mecum
1708 4219 1833 4265 aususes;
1944 4208 2023 4271 [rlrrsr

1239 4298 1264 4345 et
1276 4307 1339 4343 nuuc
1350 4294 1452 4353 desiste,
1462 4293 1605 4356 nequeittud
1614 4294 1655 4343 tibi
1666 4306 1729 4343 curae
1737 4294 1805 4345 situl
1814 4294 1943 4344 aeilricum
1955 4310 2024 4347 ucre-

1239 4383 1337 4433 omnioo
1345 4384 1409 4432 enim
1419 4380 1452 4431 llll
1464 4395 1511 4431 uon
1520 4382 1687 4444 persuadebis;
1699 4396 1754 4432 num
1764 4396 1812 4432 non
1821 4390 1858 4431 est
1868 4384 2006 4434 exorabilis.

1240 4471 1402 4533 Circumspice
1411 4482 1468 4519 vero
1477 4474 1503 4519 tu
1513 4471 1578 4533 ipsc,
1588 4484 1617 4520 ne
1626 4470 1683 4534 quid
1694 4470 1747 4519 mali
1757 4472 1838 4534 capias
1848 4486 1875 4519 cx
1888 4474 1980 4521 itincre.

1559 4577 1710 4619 OCEANUS..

1241 4648 1315 4697 llulto
1325 4646 1408 4695 melior
1417 4646 1523 4709 prolecto
1532 4658 1559 4695 es
1567 4646 1609 4709 qul
1619 4645 1672 4696 aliis
1680 4646 1792 4696 consulas

1239 4746 1311 4796 quam
1321 4734 1377 4794 tibi,
1388 4733 1459 4796 idque
1469 4747 1499 4783 ex
1509 4734 1585 4791 lacto.
1596 4747 1643 4783 nou
1652 4748 1680 4783 ex
1691 4733 1771 4783 serbis
1781 4734 1895 4795 intelligo.

1240 4822 1287 4871 Sed
1299 4827 1324 4870 tu
1334 4821 1382 4871 noli
1392 4834 1430 4871 me
1440 4826 1604 4885 properantem
1615 4821 1744 4871 ullomodo
1754 4822 1873 4871 retrabere
1885 4836 1892 4878 ς

1239 4908 1326 4970 glorior
1334 4909 1412 4969 enim,
1422 4909 1509 4971 glorior
1517 4908 1562 4957 lroc
1571 4909 1629 4957 milri
1638 4922 1725 4958 munus

1239 5000 1324 5046 lovem
1333 4996 1444 5045 daturum
1454 5010 1520 5055 csso,
1530 5002 1557 5045 ut
1565 5010 1595 5045 err
1605 4997 1642 5046 lris
1651 4997 1767 5046 ceruimus
1777 5002 1800 5046 te
1811 4996 1901 5045 liberet.

1525 5104 1737 5145 Puoarsruaus.

1240 5176 1274 5221 Ex
1285 5177 1350 5234 parte
1359 5170 1456 5232 quidem
1463 5176 1487 5221 te
1496 5170 1566 5219 laudo
1576 5185 1767 5236 nequeprnrpuam
1777 5170 1885 5221 desinam
1896 5172 2024 5228 ιιιιιιιιιιϊ,Ι

1240 5262 1338 5322 promto
1349 5259 1411 5307 euim
1424 5259 1553 5307 voluntaris
1565 5259 1588 5307 iu
1598 5262 1622 5307 te
1633 5260 1691 5307 nibil
1701 5259 1811 5308 desidero
1823 5276 1831 5319 ;
1843 5264 2012 5310 scurrilitatum

1239 5347 1297 5397 nibil
1309 5346 1413 5403 coneris;
1426 5346 1511 5394 trustra
1521 5346 1595 5405 eninr,
1606 5346 1664 5395 rrilril
1677 5346 1817 5409 profuturus

1241 5434 1310 5493 nrilri,
1323 5432 1453 5493 laborabis,
1466 5432 1559 5481 etiamsi
1569 5433 1627 5495 quid
1641 5432 1746 5484 laborare
1757 5435 1848 5497 eripiam

1241 5524 1281 5570 sul
1294 5524 1389 5583 «primur
1402 5525 1425 5570 ct
1438 5528 1460 5569 tc
1474 5521 1528 5569 liinr·
1540 5526 1647 5569 uruuturn
1660 5520 1728 5571 lrabe.

1905 3592 2022 3657 [reame-
