4567 6425
855 750 1065 811 soefloctts
1086 752 1337 817 FRAGMENTA.

609 881 760 943 totttJS.

344 1006 439 1063 Semel
459 1003 658 1069 tantummodo
681 1013 788 1070 citatur
806 1012 944 1089 tragoedia
965 1015 1069 1087 Iolaus,

303 1093 393 1172 idque
401 1097 468 1154 loco
479 1098 529 1176 qui
545 1102 622 1161 rarle
635 1116 790 1181 corruptus
805 1104 909 1181 legitur
919 1104 950 1162 in
962 1104 1070 1165 codici-

302 1180 368 1254 bus,
382 1184 470 1242 schol.
485 1188 628 1267 aristoph.
639 1192 735 1268 Equit.
757 1193 824 1267 496,
846 1193 972 1272 ideoque
985 1193 1069 1255 ’tott-

300 1290 349 1339 rqc
367 1284 528 1331 correctum
545 1287 597 1333 est.
620 1280 710 1336 Recte
723 1291 820 1337 autem
834 1279 921 1339 hodie
940 1280 1067 1348 Οἰκλέους

301 1355 448 1415 scribitur.

625 1493 733 1511 una-—

599 1604 764 1667 taurus.

336 1750 413 1807 Satis
425 1761 526 1809 notum
537 1762 581 1809 est
600 1767 798 1831 argumentum
808 1758 950 1834 tragoediae
965 1776 981 1815 a
994 1760 1066 1817 mul·

298 1839 394 1913 tisque
413 1848 567 1895 tractamm
590 1842 696 1919 poetis,
721 1862 848 1921 quornm
862 1864 948 1902 nemo
966 1848 1066 1929 notior

296 1935 340 1979 est
359 1944 448 2000 quam
465 1926 603 1999 Ovidius,
618 1930 668 2006 qui
691 1942 780 1988 totam
803 1931 929 1991 fabulam
943 1936 1065 2013 egregiis

295 2010 430 2070 versibus
443 2012 474 2071 in
487 2018 603 2073 Metam.
615 2022 658 2076 VI
670 2020 812 2096 exposuit.

335 2102 460 2172 Tereus,
475 2121 562 2179 quem
580 2123 677 2183 regem
695 2106 827 2165 Thraciae
844 2109 963 2187 iaciunt,
984 2114 1062 2169 Pan-

296 2188 414 2247 dionem
434 2210 523 2267 quum
544 2191 683 2253 adversus
709 2196 864 2258 Thebanos
888 2198 1062 2277 adjuvisset,

295 2294 327 2333 re
344 2296 487 2355 prospere
497 2293 577 2357 gesta
598 2283 664 2341 loco
684 2286 822 2346 mercedis
837 2293 967 2347 Procnen
983 2294 1059 2347 Pan-

293 2364 390 2424 dionis
403 2366 490 2425 liliam
501 2370 532 2427 in
544 2373 759 2433 matrimonium
774 2378 893 2456 accepit.
904 2381 958 2436 Cui
971 2398 1060 2455 quum

294 2452 323 2509 in
345 2452 499 2514 Thraciam
519 2476 638 2518 reverso
658 2466 771 2533 Procne
793 2467 859 2540 Ityn
884 2467 1061 2544 peperisset,

293 2542 496 2620 quinquennio
518 2544 619 2625 elapso
642 2550 750 2628 cupida
769 2551 935 2613 Philomelae
953 2555 1061 2613 sororis

293 2630 453 2690 revisendae
475 2654 494 2692 a
507 2632 634 2695 barbaro
644 2639 746 2716 petiit,
761 2653 794 2699 ut
811 2655 861 2699 aut
878 2660 897 2703 a
914 2655 996 2721 patre
1009 2663 1061 2702 so·

292 2738 390 2776 rorem
413 2736 572 2782 arcesseret
591 2738 641 2783 aut
657 2728 688 2784 in
704 2730 827 2805 patriam
845 2750 876 2789 se
893 2731 1060 2791 dimitteret.

290 2810 399 2865 Tereus
417 2809 554 2886 precihus
573 2814 672 2872 uxoris
703 2832 852 2893 permotus
875 2820 1060 2900 Athenasque

291 2895 441 2971 proiectus
448 2917 538 2975 quum
549 2900 738 2961 Philomelam
756 2906 884 2980 vidisset,
897 2928 996 2967 amore
1009 2930 1058 2967 ex·

289 2982 445 3043 ardescens
453 2984 634 3048 abductama
646 3003 730 3069 patre
743 2994 773 3051 in
787 2995 891 3055 itinere
904 2999 1058 3075 stuprarit,

290 3070 424 3129 custodia
444 3073 577 3151 inclusit,
590 3078 776 3159 linguamque
794 3085 934 3161 exsecuit,
948 3104 985 3143 ne
998 3087 1056 3144 vim

288 3156 345 3215 sibi
356 3158 467 3220 illatam
477 3164 573 3223 sorori
585 3166 733 3244 proderet.
745 3174 785 3228 ht
796 3171 845 3230 illa
859 3185 926 3250 post
938 3172 1056 3249 longum

288 3257 404 3323 tempus
414 3248 493 3308 linita
507 3252 562 3309 tela
572 3256 670 3314 omnia
680 3270 799 3336 utgesta
809 3273 890 3318 erant
900 3281 953 3318 acu
964 3260 1058 3337 pinxit

288 3346 456 3412 restemque
469 3339 565 3399 sorori
577 3342 778 3419 perferendam
790 3348 912 3406 curarit.
926 3352 990 3421 Qua
1006 3367 1056 3405 co·

286 3423 367 3498 gnita
387 3427 498 3484 Procne
515 3430 686 3504 gravissimo
709 3433 811 3493 dolore
834 3448 971 3512 correpta
995 3455 1053 3492 non

287 3509 382 3568 solum
403 3511 543 3573 ultionem
565 3520 733 3578 sumendam
752 3522 908 3583 demerito
929 3522 1054 3581 barbaro

286 3597 444 3672 constituit,
455 3601 505 3658 sed
516 3604 602 3663 etiam
615 3627 744 3666 sororem
759 3610 882 3671 liberare
894 3611 994 3668 voluit.
1009 3610 1053 3668 Ad

285 3696 444 3764 utrumqne
455 3691 606 3751 consilium
624 3697 839 3774 exsequendum
854 3700 943 3777 orgiis
950 3698 1053 3758 Bacchi

286 3791 338 3828 usa
352 3792 498 3837 carcerem
513 3781 628 3858 aperuit
641 3787 913 3865 communicatoque
932 3786 1054 3845 consilio

284 3879 350 3918 oum
374 3881 475 3921 sorore
493 3869 561 3943 ltyo
581 3869 791 3932 interfecerunt
816 3877 950 3954 patrique
975 3894 1051 3952 epu-

286 3948 404 4006 landum
420 3969 630 4029 apposuerunt.
646 3961 705 4030 Qui
727 3981 818 4037 quum
832 3966 938 4042 saepius
952 3964 1057 4043 quaesi·

283 4036 372 4096 risset
385 4040 461 4115 ltyn,
479 4042 596 4106 tandem
616 4046 763 4108 interemti
784 4066 872 4129 capnt
894 4054 1051 4130 sanguino-

283 4123 397 4184 lentum
424 4125 541 4192 allatum
566 4143 617 4188 est.
653 4138 719 4206 Quo
756 4153 912 4216 conspecto
941 4143 1051 4198 Tereus

283 4223 404 4288 stupens
429 4215 532 4275 stricto
549 4217 646 4296 gladio
667 4241 781 4282 sorores
797 4225 939 4304 fugientes
950 4249 1049 4307 perse-

282 4311 371 4362 cutus
383 4314 444 4376 est,
453 4302 546 4362 donec
562 4306 608 4364 dei
621 4311 814 4370 commiserati
824 4313 938 4373 illarum
955 4317 1049 4375 t‘ortu·

283 4407 351 4452 nam
365 4393 496 4449 Procnen
515 4393 545 4450 in
571 4395 734 4470 lusciniam,
751 4401 940 4466 Philomelam
953 4406 983 4463 in
1003 4407 1050 4466 hi·

283 4473 450 4553 rundinem,
476 4483 598 4541 Tereum
620 4484 651 4542 in
679 4506 808 4566 upupam
839 4491 990 4552 lusciniam
1021 4509 1051 4553 et

281 4563 471 4624 hirundinem
483 4569 570 4628 etiam
587 4591 665 4632 nunc
682 4593 902 4656 persequentem
925 4603 1050 4642 conver-

282 4663 393 4712 terunt.
407 4655 539 4720 fliruado
557 4679 656 4722 rocem
673 4665 795 4724 desecta·
811 4682 862 4726 aut
878 4672 975 4731 scissae
994 4673 1049 4732 lin·

280 4757 346 4821 gue
360 4739 458 4812 refert,
478 4742 546 4802 dum
565 4747 695 4809 luscinia·
714 4769 814 4813 cantus
834 4757 937 4834 plenus
956 4774 999 4819 est
1019 4776 1048 4821 et

280 4845 417 4887 sonorus.
432 4831 577 4911 Quocirca
591 4839 714 4898 seriores
729 4845 886 4921 scriptores
899 4869 958 4907 non
972 4866 1048 4911 recte

279 4913 472 4977 Philomelam
488 4920 648 4998 lusciniam,
658 4931 788 4991 Procnen
805 4933 989 4999 hirundinem
1005 4941 1048 4999 le·

280 5017 394 5061 cerunt.

320 5095 394 5164 Quae
406 5114 583 5174 quamquam
595 5101 647 5172 ita,
663 5115 696 5166 ut
708 5104 781 5184 dixi,
798 5112 969 5193 plerumque
982 5137 1046 5181 ntr-

279 5191 399 5254 rantur,
410 5196 479 5241 scrut
492 5198 588 5248 tamen
607 5191 637 5248 in
657 5193 765 5272 quihus
783 5200 937 5278 scriptores
957 5205 1046 5265 dille-

280 5281 358 5324 rant.
369 5271 458 5347 Apud
471 5277 628 5338 Homerum
642 5280 762 5343 luscinia
771 5287 909 5348 Pandarei
920 5293 978 5354 lilia
990 5309 1045 5371 est,

278 5373 347 5431 quae
365 5375 450 5417 sttttm
470 5379 507 5418 ex
526 5364 619 5424 Zetho
643 5367 733 5432 hlium
748 5389 800 5448 per
820 5373 1044 5452 imprudentiam

278 5454 341 5512 arat,
355 5457 387 5500 ut
397 5446 672 5532 areaunnnsssx,
684 5455 714 5530 5,
727 5457 766 5534 5),
779 5461 976 5537 perdelictum
989 5489 1042 5528 oc—

280 5529 363 5588 cidit.
378 5532 411 5590 ld
425 5547 521 5599 antem
531 5540 655 5603 alienum
669 5544 723 5604 luit
736 5569 751 5605 a
767 5549 872 5626 mythis
891 5558 1001 5632 Atticis,
1015 5577 1045 5620 nt

1828 796 1881 849 att

1123 883 1199 943 idem
1212 890 1364 947 Pausanias
1376 892 1471 967 docet,
1485 902 1535 975 qni
1550 904 1670 962 eandem
1691 908 1814 973 fabulam
1830 923 1853 993 l,
1867 910 1885 967 5

1122 985 1151 1029 et
1164 978 1203 1045 X,
1219 987 1247 1049 4,
1263 979 1280 1033 6
1296 980 1380 1037 aliter
1394 998 1499 1043 narrat.
1519 993 1557 1045 nt
1572 993 1713 1053 Hesiodus
1729 1000 1796 1079 (Op.
1816 1009 1884 1087 570)

1122 1061 1276 1122 Pandionis
1291 1068 1378 1125 liliam
1394 1087 1618 1153 memoratque*
1635 1098 1717 1142 acrrta
1736 1101 1764 1146 et
1780 1112 1884 1155 sonora

1121 1166 1195 1207 roce
1206 1150 1293 1212 fuerit
1308 1156 1437 1231 praedita.
1451 1163 1535 1221 Varia
1551 1167 1636 1224 etiam
1657 1170 1693 1227 dc
1709 1179 1800 1235 Tereo
1815 1202 1884 1241 nar-

1122 1250 1241 1318 rantur,
1260 1260 1347 1319 quem
1368 1246 1418 1303 alii
1432 1248 1588 1325 Thracem,
1610 1256 1656 1315 alii
1677 1262 1819 1341 Odrysam
1840 1272 1882 1331 la·

1119 1326 1217 1401 citant,
1232 1327 1280 1387 alii
1303 1333 1427 1393 Daulide
1449 1336 1592 1399 habitasse
1609 1346 1703 1423 aiunt,
1725 1355 1799 1413 nnde
1817 1380 1884 1419 ares

1119 1415 1311 1477 Daulidenses
1324 1421 1409 1480 dictae
1425 1438 1501 1495 sunt,
1514 1429 1638 1507 ideoque
1659 1436 1686 1493 in
1709 1458 1836 1519 upupam
1850 1450 1885 1505 li-

1119 1502 1190 1562 lium
1208 1522 1382 1583 querentem
1405 1532 1575 1576 conversum
1598 1522 1708 1595 volunt,
1732 1534 1797 1605 qnia
1824 1536 1883 1595 haec

1118 1593 1180 1651 avis
1202 1614 1306 1653 sonum
1328 1598 1394 1657 edat
1412 1605 1478 1661 voci
1498 1611 1548 1663 ποῦ
1569 1613 1620 1667 ποῦ
1641 1613 1770 1676 similem.
1793 1624 1881 1684 Thnc.

1119 1684 1163 1749 11,
1187 1700 1240 1756 293
1254 1683 1355 1741 catull.
1374 1691 1465 1775 LXV,
1486 1694 1519 1749 13
1535 1706 1563 1751 et
1585 1706 1635 1766 rd;
1651 1716 1726 1761 eruet.
1744 1710 1829 1767 Cous.
1845 1716 1880 1771 atl

1117 1766 1180 1825 liv.
1198 1770 1261 1827 106.

1158 1859 1328 1933 Fragmenta
1352 1866 1498 1939 tragoedia·
1517 1889 1575 1927 non
1597 1874 1636 1931 ita
1657 1895 1748 1954 panca
1769 1901 1880 1949 servata

1116 1955 1194 2015 sunt,
1209 1945 1259 2003 sed
1270 1948 1337 2005 suitt
1353 1950 1506 2026 ejusmodi,
1521 1968 1626 2017 utnon
1641 1983 1790 2047 appareat,
1808 1994 1882 2051 quo-

1116 2030 1205 2089 modo
1236 2037 1396 2112 composita
1432 2039 1527 2101 fuerit.
1558 2048 1727 2113 Aristoteles
1752 2058 1880 2136 (Poetis.

1115 2118 1197 2197 xvi)
1211 2122 1387 2197 agnitionem
1400 2126 1428 2193 in
1449 2133 1543 2189 Tereo
1567 2133 1671 2195 factam
1698 2140 1740 2199 hh
1764 2150 1879 2227 κιρκῖδος

1115 2206 1202 2285 φωνὴν
1221 2224 1369 2268 memorat.
1384 2214 1413 2271 Si
1426 2234 1529 2275 sonum
1547 2220 1621 2281 radii
1633 2226 1772 2291 intellexit
1787 2236 1879 2313 (locus

1114 2297 1191 2351 enirn
1209 2295 1433 2379 obmutescat),
1452 2307 1611 2383 Sophocles
1632 2315 1776 2395 vulgarem
1800 2328 1877 2385 anti-

1114 2384 1233 2459 quitatis
1257 2390 1425 2447 memoriam
1449 2406 1564 2454 secntns
1586 2418 1647 2459 esse
1669 2424 1728 2463 non
1753 2410 1878 2485 videtur,

1113 2469 1162 2527 sed
1187 2471 1265 2529 aliud
1290 2474 1360 2551 quid
1382 2496 1576 2558 commentus,
1595 2508 1654 2565 quo
1674 2494 1831 2559 Philomela
1861 2526 1877 2563 a

1112 2562 1223 2617 Procna
1236 2576 1415 2639 nosceretur,
1431 2568 1450 2625 i.
1466 2589 1490 2627 e.
1506 2590 1576 2631 voce
1588 2576 1670 2637 radii.
1686 2586 1786 2662 Neque
1799 2590 1876 2649 enim

1113 2657 1255 2705 texturam
1276 2650 1367 2726 ipsam
1385 2654 1592 2733 intellexerim,
1610 2685 1674 2742 quae
1690 2671 1876 2737 Philomelam

1112 2732 1283 2809 prodiderit,
1298 2737 1329 2795 id
1344 2740 1423 2817 quod
1437 2747 1566 2807 nonnulli
1579 2752 1750 2832 interpretes
1766 2766 1876 2843 opinati

1111 2834 1188 2890 sunt,
1200 2823 1268 2899 quia
1281 2824 1448 2889 Aristoteles
1470 2833 1526 2890 alio
1541 2839 1630 2898 modo
1643 2842 1673 2901 id
1691 2856 1873 2925 expresserit.

1110 2908 1203 2987 ldqne
1216 2931 1252 2968 eo
1265 2914 1353 2990 magis
1362 2918 1500 2979 credibile
1514 2937 1567 2997 est,
1579 2932 1715 3005 qnoniam
1727 2940 1831 3000 melius
1845 2944 1874 3003 in

1109 3016 1193 3056 scena
1204 3000 1266 3077 ipsa
1281 3006 1540 3079 repraesentabatur
1550 3018 1674 3092 agnitio,
1684 3042 1777 3100 neque
1787 3032 1874 3089 vestis

1111 3098 1188 3144 texta
1205 3092 1298 3146 Tereo
1312 3094 1485 3169 prohibente
1505 3101 1542 3159 ad
1559 3108 1688 3167 Procnen
1703 3114 1786 3173 lacile
1799 3121 1874 3179 mitti

1109 3176 1213 3254 potuit
1235 3182 1315 3236 sono
1339 3183 1425 3256 radii,
1444 3206 1530 3264 qnem
1552 3193 1627 3254 forte
1648 3199 1739 3259 audiit
1752 3208 1871 3280 Procne,

1109 3266 1271 3324 recordatio
1293 3271 1395 3346 patriar
1416 3278 1559 3338 excitatur
1580 3297 1609 3341 ct
1630 3307 1718 3363 ‹purrm
1745 3293 1872 3372 inquirat

1107 3352 1289 3430 diligentius,
1309 3357 1466 3422 Philomela
1486 3370 1617 3430 custodia
1639 3376 1748 3440 inclusa
1767 3383 1873 3465 detegi·

1109 3458 1164 3498 tur.
1187 3442 1357 3520 Simplicior
1375 3465 1418 3508 est
1442 3452 1503 3512 haec
1526 3460 1610 3532 ratio,
1631 3485 1717 3540 qnam
1733 3483 1764 3528 ut
1781 3472 1871 3534 literae

1108 3529 1179 3587 resti
1195 3531 1312 3590 intextae
1325 3535 1532 3618 lntelligantur.
1547 3551 1652 3608 Putant
1667 3555 1695 3611 in
1711 3557 1773 3634 ipsa
1787 3582 1871 3622 scena

1106 3637 1221 3677 sorores
1243 3633 1272 3678 et
1293 3627 1414 3684 Tereum
1439 3630 1468 3686 in
1487 3653 1555 3692 aves
1581 3638 1701 3712 abiisse,
1737 3647 1765 3703 id
1791 3653 1869 3726 qnod

1106 3706 1247 3784 colligunt
1262 3729 1299 3767 ex
1318 3714 1462 3794 aristoph.
1478 3721 1563 3781 xvib.
1582 3747 1648 3785 roo:

1185 3847 1303 3909 Τοιαῦτα
1320 3851 1410 3929 μέντοι
1427 3858 1576 3940 Σοφοκλέης
1587 3867 1739 3942 λυμαίνεται

1184 3937 1210 3994 ἰν
1224 3945 1280 4004 ταῖς
1294 3943 1479 4023 τραγῳδίαισιν
1496 3947 1544 4024 tat
1557 3953 1601 4010 τὸν
1617 3957 1718 4036 Τηρέα.

1103 4074 1140 4133 ad
1152 4095 1217 4154 quaa
1228 4078 1399 4142 scholiasta:
1414 4087 1496 4167 [509]
1515 4089 1562 4152 Ἐν
1579 4093 1629 4176 γὰρ
1652 4101 1690 4178 τῷ
1714 4103 1798 4184 Τηρεῖ
1813 4108 1867 4170 Σι-

1102 4165 1201 4242 φιιιλῆς
1227 4167 1348 4238 ἰποίησιν
1376 4174 1454 4233 αὐτὸν
1485 4179 1704 4260 ἀπωρνιθωμένον
1740 4193 1785 4252 xal
1818 4197 1867 4266 τὴν

1104 4249 1235 4332 Πρόκνην·
1250 4256 1277 4314 ir
1289 4246 1311 4336 ‘l'
1324 4257 1428 4342 laxarier
1442 4264 1528 4324 πολλὰ
1539 4267 1583 4328 τὸν
1593 4272 1694 4351 Τηρέα.
1709 4283 1804 4340 Lucus
1818 4301 1868 4342 aut

1102 4359 1218 4399 mancus
1232 4358 1275 4402 est
1289 4359 1339 4404 aut
1351 4349 1484 4428 imperite
1495 4375 1511 4413 a
1524 4357 1678 4421 scholiasta
1691 4369 1866 4445 explicatus,

1101 4430 1130 4475 at
1146 4439 1182 4477 ex
1197 4441 1232 4479 eo
1249 4426 1345 4504 colligi
1369 4449 1428 4488 non
1449 4448 1544 4510 potest
1568 4439 1597 4496 in
1619 4440 1680 4520 ipsa
1696 4465 1780 4508 scena
1794 4456 1866 4509 Pro·

1101 4524 1174 4564 caen
1186 4521 1215 4568 et
1226 4513 1347 4572 Tereum
1362 4517 1390 4574 in
1405 4539 1473 4578 aves
1488 4541 1550 4582 esse
1568 4547 1731 4592 conversos.
1743 4540 1866 4598 Preter-

1100 4612 1135 4652 ea
1151 4596 1231 4673 quod
1252 4601 1292 4657 ait
1312 4607 1449 4672 Horatius
1468 4611 1510 4686 [Α.
1526 4616 1556 4670 P.
1579 4616 1688 4690 187):«
1704 4627 1749 4681 Ne
1765 4645 1864 4688 coram

1100 4685 1210 4760 populo
1225 4687 1253 4744 in
1279 4709 1361 4750 arem
1385 4697 1494 4755 Procne
1514 4715 1676 4778 venatur,-
1691 4712 1758 4770 satis
1779 4713 1864 4778 docet

1099 4771 1172 4831 illud
1199 4795 1255 4831 non
1282 4798 1343 4836 esse
1370 4782 1594 4848 adscribendum
1619 4796 1757 4872 Sophocli
1784 4807 1862 4880 quod

1098 4863 1236 4920 Horatius
1249 4867 1309 4924 lieri
1325 4888 1409 4945 posse
1426 4889 1512 4951 negat
1527 4881 1555 4936 in
1570 4883 1708 4956 tragoedia
1720 4909 1727 4942 :
1741 4891 1791 4964 qui
1803 4913 1862 4952 non

1100 4959 1156 5006 tam
1185 4953 1351 5030 simpliciter
1374 4959 1404 5016 id
1429 4965 1680 5044 reprehendisset,
1705 4975 1728 5032 si
1750 4993 1863 5041 exstare

1097 5039 1260 5115 exemplum
1275 5044 1428 5121 Sophoclis
1437 5052 1573 5110 scivisset.

1136 5125 1263 5186 Chornm
1281 5135 1425 5209 tragcediae
1445 5140 1612 5202 Welclterus
1636 5166 1673 5204 ex
1693 5149 1860 5227 Thracibus,

1096 5212 1147 5288 qui
1161 5217 1284 5274 Dnrrlide
1301 5219 1469 5298 habitarint,
1484 5234 1676 5309 compositum
1698 5236 1785 5298 irrisae
1802 5262 1859 5319 pu-

1098 5311 1146 5358 tat.
1166 5301 1270 5361 Procul
1291 5306 1381 5367 dubio
1395 5315 1484 5373 multa
1500 5317 1659 5392 agebantur
1678 5324 1706 5381 in
1723 5329 1870 5406 tragedia*

1095 5409 1160 5466 quae
1172 5393 1290 5453 celanda
1302 5413 1384 5456 erant
1398 5407 1535 5476 Tereum,
1552 5419 1582 5464 ut
1604 5411 1686 5470 facile
1705 5416 1771 5491 quis
1783 5422 1856 5476 Pro-

1095 5498 1157 5536 cnae
1171 5483 1289 5541 comites
1302 5487 1390 5564 magis·
1407 5495 1575 5554 convenisse
1591 5499 1683 5557 choro
1697 5505 1855 5574 existimem

1094 5580 1123 5624 at
1149 5569 1305 5646 fragmenta
1327 5592 1391 5636 snrrt
1417 5578 1557 5655 ejnsrnocli
1580 5599 1610 5642 ut
1631 5611 1663 5646 ca
1690 5593 1855 5654 nnrlierihns
