4567 6425
791 752 965 815 AESCIIYLI
985 756 1242 827 natantium·

586 888 652 938 334.

302 962 413 1021 Stobaetts
423 969 504 1036 XLV,
521 974 553 1033 14
566 988 573 1021 τ

273 1080 349 1144 Inui
362 1078 417 1172 γὰρ
427 1076 455 1145 εὖ
466 1080 648 1171 πράσσοντες
662 1089 715 1150 οὐκ
729 1086 901 1178 ἀνασχετοί.

586 1210 651 1260 335.

298 1291 407 1349 Stobaens
420 1296 548 1363 XCVIII,
565 1307 618 1371 λοι

270 1404 491 1497 Τοηὰρβρύτειυν
500 1412 608 1501 σπέρμ’
617 1414 748 1505 ἐφήμερα
763 1427 864 1507 φρονεῖ

269 1510 305 1573 καὶ
319 1514 413 1575 πιστὸν
431 1504 514 1579 οὐδὲν
534 1520 649 1603 μᾶλλον
664 1518 681 1592 ἢ
697 1532 811 1587 καπνοῦ
830 1526 910 1590 σκιαί.

585 1629 648 1677 336.

296 1710 401 1768 Stoboetts
413 1716 499 1785 CXV,
518 1736 550 1769 to
565 1738 570 1770 z

337 1830 357 1891 I
356 1837 423 1917 ἧρας
436 1828 491 1921 γὰρ
513 1826 589 1909 ἦύης
608 1836 688 1899 ἐστὶν
708 1828 911 1928 ἐνδικώτερον.

583 1962 647 2010 337.

294 2038 424 2097 Athenaeus
444 2048 499 2101 vll
508 2090 515 2115 ‚
536 2066 565 2122 p.
585 2047 658 2121 303,
672 2054 711 2108 C:
727 2054 890 2129 Μνημονεύει
904 2054 930 2112 δὲ
945 2062 990 2114 τοῦ

265 2122 333 2182 θύννου
344 2126 382 2183 καὶ
398 2130 524 2209 Αἰσχύλος
540 2132 633 2211 λέγων,

301 2244 399 2333 Σρύρας
412 2236 550 2339 δέχεσθαι
564 2251 789 2343 κάπιχαλκεύειν
807 2252 937 2350 μύδρους

300 2344 324 2421 ύς
338 2348 491 2417 ἀστενακτὶ
501 2353 602 2433 θύννος
616 2357 656 2433 ὣς
671 2361 816 2451 ἠνέσχετο

300 2446 426 2531 α’ναυδος·

263 2556 400 2639 tamayo]

298 2680 332 2742 'Ii
340 2684 433 2747 σκαιὸν
442 2684 529 2773 ὄμμα
545 2682 730 2779 παραύαλλιν
741 2692 843 2759 θύννου
863 2688 960 2780 δίκην,

261 2786 286 2844 ⁴52:
305 2794 339 2843 :ai
361 2788 445 2849 θύννου
470 2798 508 2873 τῷ
535 2800 619 2876 σκαιῷ
641 2801 766 2881 ὀφθαλμῷ
790 2807 818 2862 σύ
841 2806 986 2883 βλέποντος.

262 2873 351 2933 i'crsum
368 2895 541 2957 prostremum
556 2886 679 2944 afferunt
694 2890 823 2950 AElianus
838 2896 870 2953 N.
885 2904 917 2954 Α.
933 2904 985 2971 IX,

264 2962 453 3101 abitrantes
466 2971 570 3031 Monoi,
583 2992 610 3049 p.
622 2994 689 3049 979,
701 2980 731 3047 E,
743 2984 763 3035 Α
769 2983 908 3055 postoiius
921 2990 986 3041 Pro·

261 3062 293 3099 ιιι
311 3054 355 3117 ,3,
371 3052 413 3111 38.

571 3156 626 3207 338

285 3233 398 3294 Eusebius
411 3243 503 3316 Praep.
518 3245 623 3320 Evang.
637 3251 720 3320 XIII,
739 3251 753 3306 3
768 3273 775 3307 :

257 3357 915 3465 λλλίύτεπολλὰτραύματένστέρνοιςλαύύνν

257 3457 343 3527 λίπει
359 3491 418 3550 τις,
434 3469 459 3534 εἰ
471 3475 514 3558 μή
537 3476 631 3563 τέρμα
650 3483 806 3572 συντρέχοι
823 3485 900 3564 βίου,

254 3563 330 3632 ’.ν’τίν
349 3577 433 3664 στέγη
449 3601 501 3651 τις
517 3583 623 3666 ἥμενος
635 3589 705 3674 παρ’
720 3588 805 3676 ἑστίᾳ

255 3687 326 3757 ’,κτρα
341 3699 366 3739 τι
382 3685 501 3766 μᾶλλον
519 3684 571 3750 τὸν
589 3692 781 3778 πεπρωμένον
803 3695 909 3784 μόρον.

545 3797 548 3806 ’
568 3806 632 3855 339.

282 3887 420 3952 itunrcirns
436 3899 542 3959 Morti.
559 3922 586 3978 p.
605 3906 666 3974 106,
682 3912 719 3962 C:
761 3933 765 3950 ι

308 4029 450 4046 -·“--“.
483 4041 495 4046 -.

714 4051 721 4054 -
732 4051 738 4056 .
756 4051 790 4058 -...
799 4053 1068 4066 ——-—-—-.-.-
1086 4063 1205 4070 ——-.-.-
1218 4067 1321 4074 ——--

566 4127 629 4177 334.

274 4187 321 4242 Ilati
330 4193 410 4254 enim,
423 4215 511 4269 qaum
524 4199 616 4257 setiaes
625 4215 702 4270 sunt,
714 4223 767 4262 non
780 4220 846 4266 suat
859 4212 974 4270 terendi.

567 4292 630 4340 335.

272 4350 363 4412 ttorute
376 4377 461 4431 genus
478 4364 505 4420 in
518 4365 590 4422 diem
606 4372 692 4442 sapit,

271 4445 307 4484 *rt
317 4447 352 4490 est
365 4439 419 4495 υΙΙο
433 4443 517 4499 modo
530 4448 631 4504 certius
643 4467 725 4521 qnam
741 4451 809 4508 sumi
827 4456 931 4514 umbra.

562 4537 625 4588 336.

267 4606 375 4660 Ινινινιιε
389 4611 462 4665 enim
472 4613 614 4684 juventute
626 4625 667 4672 est
678 4619 787 4690 justior.
828 4659 830 4664 .

562 4705 626 4756 337.

252 4763 326 4820 ¹=··.„,
336 4791 430 4846 rapere
441 4789 470 4834 et
485 4779 584 4838 cudere
600 4799 703 4840 massas
716 4787 814 4859 ignitas
906 4800 969 4862 [tus.

253 4858 270 4887 ι.
285 4847 331 4899 sine
341 4857 441 4910 aemitu
452 4898 459 4921 ‚
471 4867 603 4930 tanquam
616 4863 750 4936 thynnus
769 4871 901 4928 sustinuit
915 4891 972 4928 ιιιυ-

241 4929 355 4984 ινιεσυοι
370 4935 486 4989 υσιιΙιιιιι
502 4937 597 5008 thynni
614 4957 689 4998 more
705 4961 841 5004 amovens.

562 5029 627 5080 338.

264 5091 289 5138 tt
299 5105 377 5178 neque
391 5099 493 5170 siquis
508 5105 590 5160 mutu
604 5107 653 5162 teta
669 5119 776 5180 pectore
787 5117 933 5186 acceperit,

262 5179 366 5230 truatur.
383 5177 438 5231 nisi
454 5180 589 5238 terminus
599 5187 659 5240 vitae
672 5190 811 5260 congruit;

261 5253 331 5316 teque
342 5253 364 5306 si
377 5255 442 5326 quis
453 5257 484 5311 in
498 5261 572 5315 tectis
584 5261 645 5319 Ioco
656 5279 786 5338 perpetuo
798 5271 942 5336 assederit,

263 5342 288 5368 ν»
300 5333 378 5400 tnagis
393 5333 510 5390 Iatniem
525 5349 623 5397 sortem
636 5343 772 5418 effugerit.

558 5427 623 5482 339.

257 5512 261 5525 ·
278 5509 331 5550 ¹arn
346 5499 447 5570 injuste
461 5513 574 5562 mortem
588 5521 746 5568 aversantur
759 5519 901 5584 mortales,

288 5607 401 5647 mutue.

241 4761 249 4799 i

1745 791 1802 849 257

1040 886 1084 981 ύλς
1095 910 1128 970 ού
1141 898 1265 986 δικαίως
1281 912 1410 979 θοίνατσν
1424 918 1557 1007 ἔχθουσιν
1579 925 1697 1017 βροτοὶ,

1039 1011 1131 1101 ύσπερ
1151 1016 1290 1106 μέγιστον
1308 1024 1386 1107 ῥῦμα
1406 1031 1464 1085 τῶν
1484 1032 1604 1091 πολλῶν
1621 1044 1734 1099 κακῶν.

1387 1161 1452 1212 340.

1077 1236 1180 1295 AEiian.
1205 1243 1229 1295 N
1260 1262 1277 1299 t
1301 1247 1422 1315 xss,8:
1437 1248 1510 1328 Ζῷύν
1529 1255 1800 1339 ἔστινὸπυραύστης,

1037 1325 1146 1403 ὁπερσῦν
1158 1326 1244 1405 χαίρει
1254 1326 1302 1403 μὲν
1314 1334 1347 1409 τῇ
1357 1334 1508 1410 λαμπηδόνι
1516 1346 1561 1398 τοῦ
1573 1344 1653 1424 πυρύς
1665 1349 1709 1406 καὶ
1719 1374 1800 1432 προσ-

1037 1408 1149 1468 πέταται
1170 1422 1222 1479 τοῖς
1238 1414 1341 1494 λύχνοις
1356 1422 1382 1477 ἐν
1396 1424 1547 1507 ἃκμαζούση
1562 1428 1643 1511 ἔτιτῇ
1655 1437 1741 1514 φλογὶ,
1753 1440 1798 1497 καὶ

1036 1497 1107 1554 δοκεῖ
1123 1521 1149 1554 τι
1163 1500 1301 1581 λήψεσθαι,
1316 1508 1438 1581 ἐμπεσὼν
1454 1512 1479 1569 δὲ
1491 1512 1541 1572 ὑπὸ
1558 1515 1657 1596 ῥύμης,
1671 1516 1727 1581 εἶτα
1741 1524 1798 1600 με’ν-

1035 1606 1075 1641 τοι
1089 1587 1313 1669 καταπέρλεκται.
1327 1594 1467 1672 Μέμνηται
1479 1602 1505 1659 δὲ
1522 1605 1600 1663 αὐτοῦ
1611 1610 1654 1665 καὶ
1671 1615 1685 1666 ύ
1699 1614 1799 1693 Αἷοχύ-

1035 1672 1078 1737 λος
1093 1676 1106 1729 ὁ
1122 1678 1170 1743 τῆς
1187 1680 1330 1758 τραγῳδίας
1342 1684 1452 1756 ποιητὴς
1467 1689 1559 1765 λέγων,

1087 1786 1216 1861 Δέδοικε
1227 1810 1324 1891 μῶρον
1337 1804 1437 1892 κάρτα
1453 1818 1626 1901 πυραύστου
1640 1822 1741 1909 μύρον.

1034 1912 1196 1970 Attulernnt
1208 1918 1309 1975 Snidas
1323 1922 1352 1977 in
1364 1925 1529 2003 Πυραύστου,
1542 1935 1681 1991 zonatiim-
1699 1943 1729 2008 λ’,
1748 1962 1795 2015 79,

1034 2002 1200 2073 Apostoiins
1213 2008 1281 2075 XX,
1295 2009 1341 2063 65.

1376 2123 1440 2173 341.

1072 2204 1237 2263 Aristoteles
1253 2213 1286 2265 H.
1300 2216 1335 2268 Λ.
1349 2218 1408 2282 tx.
1425 2224 1478 2290 49:
1497 2219 1664 2281 Μεταύύλλει
1680 2224 1707 2283 δὲ
1723 2228 1794 2289 καὶὸ

1033 2284 1101 2368 inuit
1109 2289 1138 2347 τὸ
1148 2296 1245 2371 χρῶμα
1258 2295 1303 2354 καὶ
1312 2298 1359 2369 τὴν
1370 2301 1455 2375 ἰδέαν,
1469 2303 1558 2388 ὥσπερ
1570 2313 1585 2366 ὁ
1601 2312 1730 2393 Αἰσχύλος
1742 2338 1794 2376 πε-

1032 2377 1139 2447 ποίηκεν
1152 2383 1178 2437 ἐν
1189 2384 1290 2441 τοῖσδε·
1418 2394 1425 2403 “

1031 2499 1330 2582 Τοῦτονδέ’πο’πτην
1340 2515 1506 2583 ἔποπατῶν
1515 2528 1606 2589 αὑτοῦ
1613 2538 1712 2593 κακῶν

1031 2610 1231 2679 πεποικιλωκε
1249 2610 1472 2699 κάποδηλώσας
1492 2626 1551 2715 ἔχει

1031 2713 1139 2804 θρασύν
1156 2726 1298 2811 πετραῖον
1317 2724 1393 2816 ὄρνιν
1409 2730 1437 2792 ἐν
1460 2738 1645 2824 παντευχίᾳ,

1030 2815 1061 2898 ὂς
1073 2817 1121 2910 ἦρι
1139 2824 1192 2913 μὲν
1209 2826 1345 2914 ραίνοντι
1364 2822 1525 2901 διαπαλλει
1543 2843 1651 2931 πτερὸν

1029 2926 1129 3017 κίρκον
1137 2931 1299 3023 λεποὶρχου.
1320 2937 1378 3003 Δύο
1391 2934 1448 3029 γὰρ
1461 2937 1511 3005 οὖν
1533 2944 1647 3033 μορφὰς
1663 2956 1751 3035 φανεῖ

1028 3023 1139 3109 παιδός
1157 3061 1190 3099 τε
1211 3040 1327 3125 χαύτοῦ
1340 3034 1449 3123 νηδύος
1465 3051 1535 3132 μιᾶς
1552 3046 1623 3116 οἷπο.

1029 3136 1109 3216 Νέας
1128 3130 1158 3202 δ’
1173 3144 1291 3234 ὀπώρας
1314 3146 1391 3219 ἡνίκ’
1410 3143 1445 3214 ἂν
1465 3146 1556 3244 ξανθῇι
1576 3160 1710 3249 στοὶχυς,

1028 3248 1140 3317 στικτή
1156 3272 1200 3310 νιν
1220 3247 1300 3327 αὖθις
1317 3252 1524 3346 οἰμρινωμήσει
1543 3259 1661 3354 πτέρυξ.

1028 3338 1080 3414 Ᾰεὶ
1102 3341 1138 3415 δὲ
1152 3351 1233 3442 μίσει
1251 3349 1344 3422 τῶνδ’
1363 3355 1417 3425 ἄπ’
1434 3358 1526 3430 ἄλλον
1550 3365 1589 3443 εἰς
1607 3372 1703 3437 τύπον

1026 3445 1156 3544 δρυμοὺς
1174 3460 1299 3548 ἐρήμους
1317 3461 1336 3534 ἢ
1356 3465 1472 3556 πάγους
1488 3470 1629 3538 irrorent.

1361 3596 1425 3644 343.

1044 3737 1047 3750 ρ
1064 3678 1191 3736 Ciernens
1203 3684 1280 3740 Alex.
1290 3690 1394 3743 Strom.
1410 3695 1456 3758 tt,
1468 3714 1495 3768 p.
1508 3705 1561 3769 494
1579 3718 1587 3756 ς

1206 3803 1259 3886 Τῷ
1271 3815 1413 3872 πονοῦντι
1430 3801 1460 3871 δ’
1475 3815 1592 3878 teoeov

1021 3901 1175 3990 ὀφείλεται
1194 3909 1332 3996 τέκνωμα
1351 3921 1406 3976 τοῦ
1418 3915 1510 3980 πύνυυ
1525 3921 1622 3996 κλέος.

1331 4071 1350 4074 -
1359 4071 1396 4077 —
1404 4073 1448 4078 ...-
1457 4076 1601 4086 ——---—

1643 4081 1705 4090 ·—-
1729 4087 1762 4096 —

1056 4134 1128 4204 quod
1145 4138 1294 4194 nmitornm
1311 4143 1445 4199 malornm
1459 4149 1614 4216 itraesidimn
1626 4163 1676 4208 est.

1236 4291 1250 4320 Ι
1371 4253 1434 4302 aaa.

1021 4329 1111 4381 Metuo
1123 4339 1195 4384 eerte
1207 4334 1318 4388 stnitam
1333 4349 1469 4408 pyrausta
1490 4353 1613 4399 mortem.

1368 4451 1417 4498 att
1427 4488 1432 4500 .

1055 4535 1131 4588 Hane
1140 4553 1271 4607 trpupam,
1281 4555 1393 4596 suoram
1404 4546 1540 4602 rnaiorurn
1549 4551 1767 4622 Inspeotatriaom

1053 4615 1133 4670 variis
1147 4618 1284 4674 coloribus
1297 4621 1388 4679 Induit
1398 4633 1426 4680 et
1439 4629 1559 4686 ostendit

1052 4697 1170 4751 teronem
1185 4714 1277 4764 avem,
1291 4716 1418 4760 saxorum
1430 4706 1562 4776 incolam,
1574 4713 1683 4782 penitus
1692 4733 1777 4774 arina-

1051 4789 1113 4842 qma
1127 4791 1189 4831 rere
1200 4788 1345 4848 appetente
1359 4785 1448 4854 quatit
1464 4803 1565 4856 pennas
1691 4796 1775 4865 [tarn,

1050 4853 1104 4907 athi
1117 4855 1255 4926 aeoIpitris
1264 4857 1343 4922 (duas
1356 4863 1429 4917 enim
1442 4864 1545 4922 formos
1556 4875 1720 4932 monstrabit

1052 4940 1078 4984 et
1094 4933 1159 5002 puiii
1171 4944 1198 4990 et
1210 4935 1296 5006 ipsius
1308 4938 1335 4992 in
1352 4957 1407 4996 uno
1420 4935 1537 5012 venirem

1049 5011 1160 5080 qnarrdo
1173 5029 1235 5068 vero
1248 5017 1309 5071 nori
1324 5023 1465 5077 auctumni
1479 5025 1553 5094 spica
1566 5025 1699 5098 flavescat,

1050 5089 1184 5161 variegata
1197 5108 1286 5164 laeana
1299 5112 1393 5153 rursus
1407 5116 1465 5154 eam
1479 5104 1582 5159 vestiet.

1050 5168 1162 5239 Semper
1174 5187 1236 5226 vero
1250 5173 1314 5228 odio
1326 5175 1361 5230 ab
1376 5177 1420 5232 Itis
1434 5180 1461 5233 in
1476 5182 1560 5238 atium
1575 5185 1662 5242 iocum

1049 5245 1075 5300 in
1089 5248 1209 5303 solitaria
1222 5262 1349 5320 quereeta
1362 5265 1409 5309 aut
1424 5259 1505 5313 toties
1521 5262 1656 5333 migrabit.

1360 5362 1426 5411 342.

1452 5459 1599 5516 Laboranti
1616 5479 1705 5522 veroa
1728 5467 1784 5526 diis

1047 5524 1160 5580 debetur
1175 5531 1316 5600 progenies
1330 5531 1430 5587 ioboris
1443 5538 1538 5606 gioria.

1651 5640 1678 5685 17
