4567 6425
822 642 994 703 AEscttt'tt
1018 637 1266 698 FRAGMENTA.

293 780 438 843 ostntlsed
448 780 548 859 procul
559 778 647 837 dubio
655 794 797 853 exponere
805 774 893 831 voluit
905 770 1030 829 laetitiam

294 886 366 949 parte
376 870 511 935 victoriae,
527 887 611 944 quarn
622 885 705 923 eursu
718 883 781 920 cnut
793 861 901 919 facibus
912 862 1031 937 aliisque

295 960 370 1017 tuudis
382 959 419 1015 illi
434 956 623 1013 celebrarunt.

326 1052 403 1103 Recte
414 1058 510 1101 atttcnt
525 1043 621 1100 docuit
636 1040 801 1097 ll'elclterus
811 1038 936 1094 omniunt
951 1036 1033 1091 testo

296 1156 345 1191 tuin
359 1136 431 1209 apud
451 1131 638 1189 Athenienses
652 1127 793 1184 laetissima
810 1125 910 1194 luisse,
929 1122 1033 1200 quibus

296 1222 466 1277 adulescentes
490 1218 600 1276 facibus
619 1215 749 1272 instructi
768 1214 836 1270 iude
850 1211 886 1268 ab
902 1232 952 1267 ara
965 1216 1034 1267 Pro-

298 1308 382 1364 methei
392 1308 420 1364 in
428 1305 706 1365 CeramicoAthenas
718 1322 815 1358 versus
824 1319 908 1357 cursu
921 1299 996 1355 iuter
1005 1318 1034 1353 se

297 1394 482 1453 «intenderint.
497 1399 598 1469 ltaque
619 1403 693 1448 recte
710 1401 934 1467 argumentutna
952 1398 1033 1461 poeta

297 1488 400 1539 elutum
426 1493 525 1560 putat,
551 1482 579 1537 iu
602 1500 660 1555 ipro
680 1480 802 1534 laetitiam
824 1474 1035 1531 Atheniensium

299 1571 392 1645 optime
412 1569 583 1627 ostenderet.
614 1566 773 1639 AEsehylunt
797 1576 891 1620 censet
919 1562 958 1617 ita
983 1560 1035 1617 ad-

299 1677 397 1713 ornasse
413 1656 551 1726 fabulum,
564 1666 594 1711 ut
607 1674 668 1711 carn
680 1652 715 1709 ad
729 1670 855 1727 vesperae
867 1668 1036 1725 crespuscu-

300 1748 347 1801 luat
363 1746 402 1819 agi
421 1746 552 1801 volucrit.
573 1743 606 1801 ld
625 1762 691 1798 saue
710 1754 818 1798 certum
833 1752 875 1797 est
891 1752 920 1795 et
934 1738 1037 1795 laetitiae

301 1852 370 1889 «ausa
381 1831 501 1889 fabulam
514 1843 606 1888 actam
617 1850 677 1886 csse
691 1842 720 1885 et
734 1828 929 1885 Prometheum
944 1826 973 1883 in
988 1831 1038 1882 Ce

304 1922 391 1977 ramiro
403 1922 539 1988 electum,
554 1920 604 1997 qui
617 1915 834 1997 λαμπαδοδρομίρ
846 1916 926 1992 quasi
939 1924 1038 1971 auctor

305 2007 346 2061 tuit
360 2007 462 2063 letitie.

338 2093 428 2151 Fabula
436 2090 582 2170 quomodo
591 2092 750 2169 composita
763 2086 857 2161 luerit,
869 2088 951 2165 plane
961 2088 1039 2163 iboro-

308 2198 384 2254 ratur,
398 2205 431 2241 ne
445 2184 550 2241 chorus
570 2181 686 2257 quidem
707 2180 797 2257 qualis
815 2179 899 2235 luerit
918 2189 1038 2248 constat,

307 2291 455 2347 ‹ptannptam
473 2290 509 2328 ex
531 2270 640 2345 Satyris
658 2269 847 2345 compositum
871 2284 936 2322 eum
957 2264 1040 2345 luisse

309 2358 421 2415 credibile
437 2370 486 2416 est.
508 2362 610 2434 ltaque
624 2362 757 2431 Satyrum
778 2356 841 2431 igne
861 2354 953 2430 primo
968 2372 1039 2409 cou-

310 2460 492 2523 specto‚quem
504 2445 689 2505 Prometheus
698 2446 726 2501 in
735 2464 782 2499 ara
790 2440 968 2512 accenderit,
980 2439 1042 2495 alle·

311 2548 372 2589 ruttn
383 2546 476 2610 putant
484 2531 1041 2609 teretemqnellammam,qtitecornscaus

312 2644 336 2673 se
356 2620 487 2691 elevabat,
508 2620 641 2697 amplecti
665 2620 787 2676 voluisse
812 2631 839 2673 et
865 2615 1040 2672 admonitura

314 2707 397 2765 esseid
411 2730 442 2765 oe
456 2710 567 2765 hiceret.
581 2712 641 2765 Hoc
656 2706 737 2784 prodi
749 2726 831 2763 versu
847 2706 874 2762 in
889 2705 963 2760 ltttnc
978 2722 1039 2758 nto-

315 2794 369 2851 dutn
385 2797 453 2872 apud
469 2796 647 2853 Plutarchum
664 2800 718 2869 {Dc
734 2814 795 2870 cap.
812 2814 846 2849 ex
864 2792 941 2849 inim.
959 2792 1041 2853 utilit.

318 2903 339 2953 p.
351 2885 388 2947 ³6„
402 2886 442 2946 l'l.
462 2885 568 2961 scripto
586 2906 592 2938 :
611 2886 667 2941 ’1ὀῦ
693 2881 720 2939 δὲ
740 2880 857 2959 Σατύρου
879 2880 909 2940 τὸ
935 2888 987 2962 πῦρ
1009 2885 1043 2947 ὡς

318 2972 398 3025 reinero
411 2968 478 3051 ὦρθη
492 2969 650 3048 βουλομένου
669 2970 776 3049 φιλῆσαι
795 2970 840 3026 καὶ
861 2970 1044 3048 capillatiam

320 3054 459 3131 Προμηθεύς,

346 3198 393 3270 iau
410 3200 520 3294 Τρίγος
537 3202 646 3292 γένειον
663 3194 721 3292 ἆρα
741 3200 892 3277 πενθνζσεις
907 3204 941 3266 σύ
962 3227 1012 3294 γε·

348 3303 409 3366 arist
422 3307 470 3372 τὸν
484 3303 648 3394 ἁψάμενον,

325 3427 364 3482 uisi
379 3443 507 3504 postrema
520 3444 588 3487 snut
605 3430 761 3498 Plutarchi;
774 3449 866 3506 neque
883 3451 916 3487 ea
937 3430 1045 3488 habert-

326 3527 360 3568 tur
379 3517 444 3590 apud
462 3518 641 3576 Eustathiutu
659 3537 688 3594 p.
711 3519 776 3587 tas,
793 3539 820 3590 7,
833 3519 929 3594 priora
944 3519 981 3575 ita
996 3541 1048 3576 ex-

327 3597 494 3676 pinnumd
514 3605 608 3686 τράγε,
625 3605 693 3662 πάνυ
703 3603 816 3684 στερήσῃ
830 3605 937 3682 γενείου,
958 3609 981 3663 εἰ
1001 3605 1048 3677 τὴν

327 3687 513 3770 plesseitium.
525 3690 635 3748 Deinde
651 3690 787 3749 credibile
805 3706 848 3749 est
866 3691 988 3750 sabulum
1011 3694 1050 3750 ita

328 3797 373 3830 roe
387 3781 578 3856 compositam,
593 3791 625 3836 ut
640 3777 790 3836 doceretur
810 3779 956 3857 quomodo
978 3783 1051 3837 inter

330 3860 427 3920 letitiam
436 3863 650 3946 λαμπαδοδρομία
668 3867 782 3924 interibi
796 3879 824 3924 et
835 3868 953 3925 Athenis
969 3869 1049 3925 insti-

331 3961 374 4006 tuta
393 3955 430 4010 sit.
452 3957 534 4012 Faces
561 3955 720 4012 alieruntur
744 3968 792 4012 aut
821 3956 966 4032 tpiomodo
991 3959 1051 4015 lieri

333 4041 419 4108 possint
430 4041 557 4108 docetur;
572 4063 630 4120 quo
645 4043 791 4101 reserenda
803 4057 869 4100 suut
880 4043 966 4102 verba
982 4045 1051 4102 rot-

332 4127 385 4179 utris
394 4133 429 4198 li,
445 4151 473 4201 ¹7
487 4151 493 4186 :
508 4129 585 4190 Ἀλλλι
600 4130 644 4188 καί
660 4129 789 4210 Αἰσχύλος
800 4132 827 4188 ἐν
840 4133 974 4212 Προμηθεῖ
987 4155 1051 4212 πυρ-

333 4234 382 4268 utt‘

335 4341 829 4440 1951Λινιίθιςδὲ,τίσσακώμολίνου
842 4350 950 4442 μακροὶ
958 4351 1051 4416 τόνοι.

336 4497 407 4552 tuat.
424 4499 475 4558 λίνα
499 4501 534 4560 θλ.
564 4503 767 4561 Accendunmr
790 4503 865 4562 faces
898 4524 1054 4580 cursusque

1775 642 1833 694 tttt

1075 766 1241 823 instituitur.
1263 764 1321 833 Qui
1335 763 1383 820 rix
1397 761 1584 819 dubitandum
1600 776 1643 818 est
1653 761 1721 837 tptiu
1745 764 1834 819 lactus

1076 855 1112 911 sit
1123 852 1160 910 ab
1169 849 1395 910 adolescentibus
1409 848 1642 918 Atheniensibus,
1657 849 1707 924 qui
1724 850 1833 908 lucilius

1076 940 1289 1018 comprehensis
1304 940 1428 997 Athenas
1450 957 1549 994 versus
1565 939 1751 995 cucurrerint.
1764 945 1834 996 Sunt

1078 1030 1126 1105 qui
1145 1029 1220 1085 circa
1243 1028 1385 1102 thymelen
1405 1030 1521 1100 Satyros
1540 1026 1697 1089 cucurrisse
1720 1040 1834 1101 pttteut,

1078 1118 1107 1172 id
1121 1116 1200 1191 quod
1214 1113 1386 1171 nullomodo
1403 1112 1554 1190 probabile
1572 1112 1701 1180 vitietur,
1720 1126 1748 1169 et
1768 1116 1838 1190 qnia

1079 1204 1172 1279 Satyri
1186 1203 1274 1259 nonii
1286 1202 1417 1269 luctator,
1430 1222 1446 1257 a
1462 1200 1567 1275 quibus
1580 1220 1679 1256 cursus
1692 1201 1837 1258 institutus

1080 1304 1135 1354 cst,
1151 1303 1181 1347 et
1202 1292 1269 1366 quia
1287 1289 1472 1346 Athenienses
1492 1307 1590 1343 oitines
1612 1287 1837 1345 relteutetttiores

1080 1392 1175 1437 motus
1191 1397 1338 1435 removere
1359 1396 1376 1433 a
1391 1395 1475 1432 scena
1488 1374 1627 1431 solebant.

1120 1467 1231 1537 Quodsi
1250 1467 1310 1539 jani
1322 1485 1370 1535 ca,
1381 1483 1444 1539 quae
1465 1464 1596 1539 exposui,
1613 1462 1694 1518 valde
1704 1462 1837 1535 ambigna

1080 1567 1147 1613 sunt
1161 1574 1253 1629 neque
1263 1553 1322 1609 ullo
1334 1551 1420 1608 inodo
1432 1571 1486 1626 pro
1499 1550 1585 1607 certis
1596 1550 1624 1606 in
1645 1562 1721 1606 tanta
1731 1551 1839 1624 Satyri·

1081 1662 1178 1700 carum
1203 1640 1363 1698 fabularum
1388 1637 1562 1694 obscuritate
1587 1637 1682 1694 haberi
1700 1650 1838 1714 possuntt,

1081 1728 1285 1788 audacissimus
1310 1740 1383 1784 essct
1405 1738 1523 1783 conatus
1545 1724 1708 1793 habendus,
1730 1728 1753 1782 si
1775 1726 1839 1801 quis

1083 1818 1164 1895 plura
1175 1817 1210 1874 de
1227 1817 1268 1873 eis
1281 1815 1366 1872 vellet
1377 1814 1561 1871 comminisci.

1337 2032 1587 2091 Pttttttffl't'tu.

1123 2165 1309 2223 Philoctetam
1320 2162 1462 2237 AEschyli,
1484 2162 1532 2237 qui
1550 2182 1585 2219 ne
1601 2160 1763 2236 conjectura
1776 2162 1842 2236 qui-

1085 2253 1150 2311 dem
1164 2253 1352 2327 cognoscitur,
1360 2249 1396 2307 ad
1409 2270 1493 2325 quatu
1509 2240 1650 2321 trilogiiun
1666 2248 1845 2323 penituerit,

1087 2340 1229 2416 nequead
1249 2340 1372 2395 ullamne
1390 2338 1530 2412 trilogiatn
1550 2336 1665 2392 otutrino
1680 2336 1844 2393 referendus

1086 2428 1131 2498 sit,
1146 2446 1181 2483 ex
1190 2419 1397 2502 compositione
1408 2424 1562 2482 llerutattui
1572 2422 1781 2489 exhibebimus,
1795 2423 1843 2497 qui

1087 2532 1260 2591 quamquam
1276 2532 1334 2568 nou
1354 2532 1387 2569 ea
1404 2511 1538 2587 protulit,
1553 2531 1617 2585 qttae
1634 2522 1715 2565 extra
1730 2528 1847 2564 otnoetn

1086 2601 1308 2677 disputationem
1332 2609 1424 2659 essent
1446 2598 1556 2671 posita,
1591 2609 1682 2653 tameo
1710 2596 1846 2669 pleraque

1088 2687 1169 2745 valde
1182 2686 1377 2764 probabiliter,
1389 2685 1475 2741 multa
1488 2697 1579 2756 acore,
1591 2684 1688 2739 omnia
1700 2682 1847 2757 ingeniose

1088 2776 1251 2851 explicarit.
1369 2826 1374 2832 .

1126 2854 1311 2930 Tragicorum
1331 2850 1439 2926 primus
1455 2849 1566 2905 ridetur
1584 2848 1732 2923 AEscbylns
1750 2846 1848 2905 Philtr-

1088 2953 1191 2997 cretam
1208 2938 1367 3015 scripsisse,
1383 2937 1471 2993 secuti
1491 2948 1558 2993 suut
1578 2935 1732 3012 Sophocles
1746 2945 1774 2989 et
1791 2937 1849 2989 rto·

1091 3026 1207 3105 ripides,
1224 3045 1347 3102 quorum
1369 3024 1515 3100 tragedias
1532 3024 1608 3080 inter
1632 3023 1707 3098 ipsas
1729 3040 1847 3095 compa·
1923 3083 1927 3090 .

1091 3135 1155 3173 raus
1168 3115 1225 3171 Dio
1236 3114 1379 3187 (Ilirrsost.
1395 3116 1446 3168 Or.
1459 3113 1494 3167 52
1512 3111 1572 3168 ltaec
1586 3110 1700 3186 scripsit
1714 3131 1720 3164 :
1737 3110 1796 3182 [96]
1810 3106 1848 3164 'll

1090 3227 1117 3260 τε
1130 3199 1182 3281 γθιρ
1194 3206 1240 3258 τοῦ
1253 3199 1386 3279 Αἰσχύλου
1403 3195 1615 3280 μεγαλορροσύνη
1629 3197 1716 3256 καὶτὸ
1729 3199 1850 3276 ἀρχαῖον,

1091 3290 1129 3348 ἔτι
1143 3288 1226 3348 δὲκαὶ
1244 3289 1273 3346 τὸ
1287 3289 1394 3353 αὔθαδες
1405 3292 1450 3358 τῆς
1465 3287 1578 3351 διανοίας
1592 3287 1636 3343 καὶ
1651 3284 1769 3365 φράσεως
1781 3279 1849 3362 πρέ·

1091 3401 1174 3436 ποντα
1198 3377 1316 3458 {petivere
1333 3375 1466 3456 τραγῳδία
1486 3375 1531 3432 καί
1552 3383 1605 3439 τοῖς
1623 3378 1743 3438 παλαιοῖς
1777 3371 1846 3427 ἔθεσι

1092 3469 1143 3523 τῶν
1170 3463 1279 3545 ἡρώων,
1302 3463 1376 3522 οὐδὲν
1400 3462 1495 3542 ἔχοντα
1520 3459 1765 3536 ἔπιθεύουλευμένον
1793 3453 1852 3515 otti

1093 3551 1230 3628 στωμύλον
1249 3549 1306 3608 otti
1330 3549 1460 3608 ταπεινόν·
1474 3549 1571 3608 ἐπείτοι
1595 3550 1639 3608 καὶ
1662 3550 1703 3606 τὸν
1719 3545 1851 3607 Ὀδυσσέα

1094 3641 1182 3716 εἰσῆγε
1197 3636 1288 3720 δριμύν
1307 3637 1353 3696 καί
1374 3637 1458 3696 δόλιον
1476 3641 1513 3704 ὡς
1528 3640 1556 3696 ἐν
1573 3645 1625 3704 τοῖς
1645 3635 1720 3708 τότε,
1735 3634 1801 3692 πολύ
1824 3633 1852 3690 δὲ

1096 3719 1230 3797 ἀπέχοντα
1243 3722 1288 3788 τῆς
1301 3723 1347 3774 νῦν
1360 3716 1529 3789 κακοηθείας,
1545 3715 1613 3774 ὥστε
1627 3719 1665 3795 τῷ
1675 3715 1729 3772 ὄντι
1743 3717 1851 3792 ἀρχαῖον

1096 3806 1126 3863 ἂν
1147 3805 1218 3873 δόξαν
1236 3803 1309 3886 παρλ
1329 3801 1387 3869 τούς
1412 3809 1457 3861 νῦν
1475 3805 1573 3868 ἁπλοῦς
1594 3793 1660 3860 εἶναι
1684 3802 1852 3879 βουλομένους

1097 3894 1140 3950 καί
1164 3893 1373 3974 μεγαλύρρονας,
1395 3891 1441 3950 καί
1464 3891 1537 3950 ὠθίν
1560 3914 1591 3969 γε
1613 3887 1790 3957 ἀλλαττούσης
1807 3891 1853 3954 τῆς

1097 3981 1203 4051 Ἀθηνᾶς
1224 3980 1384 4060 προσεδεήθη
1410 3979 1475 4058 πρὸς
1499 3978 1530 4037 rb
1551 3976 1588 4054 μὴ
1614 3979 1760 4055 γνωσθῆναι
1782 3973 1852 4038 ὅστις

1097 4069 1166 4125 ἐστὶν
1180 4067 1242 4142 Ιὑπὸ
1264 4073 1309 4124 τοῦ
1332 4065 1515 4138 Φιλοκτήτου,
1528 4064 1644 4143 καθάπερ
1664 4062 1785 4141 Ὅμηρος
1804 4064 1854 4118 κά-

1097 4155 1175 4235 κείνῳ
1185 4155 1213 4212 δὲ
1224 4153 1347 4231 ἑπόμενος
1358 4155 1498 4236 Εὐριπίδης
1511 4153 1641 4224 ἐποίησεν
1651 4150 1719 4210 ὥστε
1728 4149 1805 4227 τυχὸν
1822 4149 1853 4204 ἄν
1921 4203 1925 4211 ,

1096 4267 1135 4311 τις
1152 4241 1292 4319 ἐγκαλέσαι
1302 4245 1354 4298 τῶν
1366 4245 1395 4300 ού
1406 4241 1547 4323 φιλούντων
1565 4241 1609 4299 τὸν
1627 4240 1718 4320 ἄνδρα.
1730 4239 1771 4295 ὅτι
1781 4234 1854 4294 οὐδὲν

1098 4333 1171 4406 αὐτῷ·
1184 4327 1325 4405 ἐμέλησεν,
1344 4327 1413 4394 ὅπως
1427 4328 1533 4395 πιθανὸς
1550 4327 1624 4386 ἔσται
1645 4323 1813 4389 θ’(λδυασεύς
1825 4327 1853 4380 ού

1097 4414 1303 4495 γιγνωσκόμενος
1311 4417 1361 4474 ὑπὸ
1370 4422 1415 4474 τοῦ
1427 4415 1602 4486 (Ιῑιλοκτήτου.
1610 4415 1692 4493 'Erat
1705 4415 1727 4471 δ’
1743 4413 1774 4471 ἂν
1785 4415 1854 4470 ἀπο-

1098 4503 1199 4580 λογίαν,
1208 4508 1243 4570 ὡς
1256 4509 1381 4580 ἡγοῦμαι,
1391 4503 1454 4583 πρὸς
1467 4503 1511 4562 τὸν
1523 4510 1646 4562 τοιοῦτον·
1655 4509 1669 4560 ὁ
1677 4501 1725 4578 μὲν
1736 4500 1786 4578 γὰρ
1794 4497 1857 4578 χρύ·

338 4607 1854 4632 w

390 4739 475 4798 ttiretts
484 4752 603 4800 mentum
618 4681 835 4812 tutiriidellebis3

392 4819 511 4876 ,utiteuni
525 4823 571 4894 qui
585 4839 648 4878 euni
660 4822 768 4895 attigit).

382 4981 476 5040 lunalia
487 4987 562 5060 etpix
573 4998 601 5044 et
616 4921 693 5044 cmiii
707 4988 754 5044 lini
771 4987 844 5060 longi
856 4986 947 5046 tunes.

660 5079 706 5128 aa.

1080 4661 1084 4672 ’
1103 4673 1156 4716 turn
1175 4672 1200 4717 et
1217 4667 1347 4726 collidunt,
1359 4672 1387 4717 ut
1401 4671 1454 4716 tuni
1470 4672 1539 4716 erant
1552 4650 1674 4724 titinrioes,
1693 4666 1734 4714 sed
1751 4666 1857 4719 inaximo

1101 4739 1207 4786 alienum
1219 4737 1250 4786 ab
1259 4751 1343 4786 eorum
1354 4738 1397 4800 qui
1410 4751 1475 4786 nuuc
1484 4741 1542 4786 sunt
1555 4736 1645 4784 malitia
1656 4739 1681 4786 et
1691 4736 1856 4797 itoprobitate3

1102 4807 1162 4856 adeo
1182 4811 1209 4855 ut
1227 4821 1310 4856 resera
1323 4807 1397 4856 honio
1410 4807 1525 4868 antiquus
1541 4821 1595 4854 esse
1609 4805 1717 4854 rideatur
1735 4822 1791 4855 etun
1808 4810 1856 4858 iltis

1102 4882 1255 4940 comparatus
1268 4878 1308 4938 tuti
1328 4878 1398 4926 titulis
1417 4877 1538 4939 simplices
1554 4881 1579 4924 et
1595 4877 1739 4936 tttagoaoiuii
1753 4893 1805 4928 esse
1817 4894 1854 4926 vo

1103 4947 1163 4995 lunt.
1182 4955 1261 5008 Quare
1282 4947 1381 4996 tuinitne
1400 4947 1521 5008 indigebat
1533 4947 1642 4995 annena
1656 4948 1757 4995 lortoarn
1780 4949 1856 5011 iricius

1103 5024 1225 5076 ttiutante,
1238 5033 1288 5081 quo
1298 5033 1346 5068 oon
1357 5023 1524 5080 agtwsoeretur
1535 5033 1550 5065 a
1561 5018 1708 5076 Pinnetem,
1722 5025 1746 5067 ut
1758 5021 1856 5081 tptitlettt

1104 5091 1221 5138 thtrnerus
1232 5095 1257 5137 et
1269 5091 1310 5150 qui
1321 5103 1377 5137 eum
1388 5090 1496 5151 sequitur
1507 5089 1635 5151 Euripides
1650 5089 1798 5150 seripserunt
1815 5107 1821 5137 ι
1831 5096 1857 5139 et

369 5145 579 5229 itidettndschyli
598 5153 770 5202 sublimitaset
784 5153 904 5216 ingenium
921 5159 1065 5220 antiquum,
1102 5160 1184 5208 nescio
1194 5173 1226 5208 au
1238 5173 1321 5207 eorum
1337 5159 1426 5220 quibus
1436 5159 1557 5220 AEseliylus
1574 5173 1622 5208 non
1643 5159 1765 5222 prolator.
1779 5160 1856 5207 hoeei
1889 5193 1894 5200 -

348 5217 508 5302 mittentem
535 5227 629 5276 tineas
646 5225 669 5272 iu
682 5225 808 5274 sententiis
821 5230 846 5275 et
856 5227 1007 5286 elocutione,
1024 5229 1063 5276 the·
1102 5231 1199 5292 atridam
1212 5231 1261 5277 sint
1279 5229 1338 5277 titio
1355 5228 1450 5286 daturi,
1470 5229 1535 5290 quod
1555 5230 1654 5278 atiuime
1674 5229 1796 5277 utrarerit
1814 5231 1858 5289 out

351 5289 515 5342 ‘minantium
530 5301 552 5342 et
563 5299 670 5344 ietttstos
684 5309 762 5344 murts
776 5298 890 5354 heroum,
905 5300 994 5360 ‹piippo
1009 5314 1063 5362 qum
1103 5301 1184 5349 t'lises
1196 5300 1261 5348 credi
1279 5300 1355 5361 possit
1371 5313 1385 5347 a
1402 5299 1531 5348 Philocteta
1542 5313 1590 5348 uon
1607 5299 1713 5360 eginoni.
1727 5305 1814 5346 verunt
1826 5299 1857 5346 ad

355 5349 397 5398 rtet
407 5353 490 5408 intrant
501 5377 540 5412 nec
555 5365 669 5412 insidiose
681 5369 763 5414 lictum
776 5381 819 5416 nee
832 5367 1006 5429 lepidediclutn
1018 5384 1061 5418 nec
1103 5369 1219 5430 eptsmodi
1232 5383 1344 5417 censores
1361 5373 1473 5432 prompta
1497 5375 1551 5427 est,
1561 5374 1589 5418 ut
1606 5371 1717 5424 arbitror.
1734 5372 1759 5416 ct
1776 5371 1858 5428 parate

358 5413 425 5466 *llll*
433 5429 553 5492 truttam,
567 5435 780 5486 demittentium
792 5437 887 5486 induttt
900 5439 1060 5497 turitietnacu·

1103 5445 1180 5502 tractae
1195 5439 1318 5487 tielensis:
1333 5452 1388 5487 ttaiu
1410 5445 1435 5488 ut
1454 5441 1582 5489 eotitcdatn
1602 5439 1729 5490 tltceunate
1744 5437 1862 5499 tetnrioris
