4567 6425
455 738 512 788 25²

454 860 540 917 etium
554 857 703 934 Penelopae
716 856 872 931 Sophocles
885 866 979 932 partes
992 855 1097 911 suasio
1108 867 1211 930 tragoe-

454 946 499 1002 dia
525 945 647 1021 agendas
674 943 807 1000 dederit:
824 942 871 999 sed
901 939 1052 998 videndum
1077 955 1119 999 est
1138 940 1208 1020 (prid

455 1045 537 1089 uetus
559 1032 696 1089 irremoria
716 1031 843 1104 requirat
867 1028 1026 1105 labulaeque
1048 1030 1208 1086 conveniat.

455 1126 563 1179 Omnes
577 1132 671 1177 autem
686 1132 797 1176 veteres
816 1122 999 1177 consentiunt
1012 1121 1122 1179 Ulixem
1143 1118 1209 1175 ideo

455 1209 580 1264 noluisse
594 1206 708 1282 Trojam
724 1206 875 1283 proficisci,
890 1208 957 1282 quia
971 1208 1041 1284 quid
1056 1207 1110 1265 sibi
1123 1208 1210 1263 insta-

455 1310 498 1354 ret
517 1316 572 1351 uou
589 1294 754 1370 ignorabam
777 1292 882 1351 deinde
901 1296 972 1352 illud
994 1295 1164 1373 obsequium
1180 1296 1208 1351 in

456 1383 587 1439 rumieres
601 1382 724 1439 alienum
740 1395 782 1438 est
797 1400 814 1437 a
827 1386 926 1439 Graeca
941 1382 1085 1461 tragoedia.

784 1512 890 1528 ⁴--

756 1600 914 1660 SCYRIAE.

495 1744 506 1765 u
517 1722 625 1774 Notum
638 1726 836 1789 argumentum
854 1713 963 1770 fabula.
979 1712 1052 1768 Vide
1067 1713 1210 1788 Hyginum

455 1824 480 1859 c.
494 1806 586 1860 xcvt
605 1815 634 1860 et
647 1803 810 1861 Philostrati
820 1800 945 1877 junioris
965 1800 1090 1868 iconem,
1111 1800 1157 1857 eui
1173 1801 1212 1857 ti-

455 1892 532 1947 tulus
549 1890 676 1948 Achilles
689 1891 719 1945 in
735 1890 835 1964 Scyro,
851 1908 878 1964 p.
903 1888 971 1957 863,
989 1886 1038 1943 ubi
1058 1886 1212 1962 Sophoclei

455 1978 590 2034 dramatis
606 1978 753 2034 meminit:
769 1978 870 2053 Σκῦρος
881 1978 967 2045 νῆσος,
979 1974 1035 2043 siah
1050 1978 1114 2038 θεῖος
1129 1976 1213 2053 Σοφο-

457 2061 1213 2139 xliyc,«a’nspdlcounalstconstabatclroruseScyriis

380 2194 386 2205 ·
458 2156 559 2231 puellis
577 2154 653 2211 unde
675 2151 776 2209 fabulae
794 2152 903 2208 titulus.
918 2177 931 2200 u
946 2155 1014 2208 ttaec
1033 2152 1212 2223 ‘Brunclxius,

457 2256 543 2314 recte,
557 2255 588 2299 ut
603 2241 726 2297 videtur.
749 2239 801 2297 Alii
818 2238 1041 2315 Neoptolemum
1064 2259 1099 2295 ex
1121 2241 1212 2296 insula

457 2330 622 2387 arcessitum
641 2341 756 2403 apoeta
768 2327 930 2403 expositum
948 2346 1010 2383 esse
1027 2339 1211 2402 partaverunt.

457 2418 586 2493 Hyginus
598 2416 659 2473 haec
672 2414 788 2473 scribit:
805 2415 925 2472 «Thetis
941 2415 1040 2472 Nereis
1054 2434 1142 2490 quum
1158 2416 1213 2472 sci-

458 2517 501 2561 ret
518 2504 656 2562 Achillem
667 2504 756 2560 lilium
768 2522 863 2571 suum,
877 2522 963 2579 quem
975 2522 1012 2560 ex
1024 2504 1108 2559 Peleo
1122 2502 1212 2560 habe-

457 2592 525 2663 hat,
538 2592 562 2649 si
579 2593 613 2649 ad
633 2591 748 2667 Trojam
764 2591 982 2668 expugnandam
1000 2591 1085 2661 isset,
1100 2592 1213 2667 peritu-

457 2698 539 2750 rum,
556 2679 768 2735 commendavit
782 2698 846 2735 eum
862 2677 890 2734 in
910 2678 1029 2735 insulam
1052 2682 1161 2752 Scyron
1176 2677 1211 2735 ad

456 2766 646 2842 Lycomedem
657 2785 762 2842 regem,
772 2784 857 2841 quem
870 2764 917 2822 ille
925 2766 1001 2822 inter
1009 2764 1134 2841 virgines
1142 2766 1213 2822 filias

457 2853 559 2911 habitu
574 2853 697 2911 feurineo
720 2852 852 2910 servabat
866 2853 982 2909 nomine
997 2863 1125 2922 mutato,
1148 2872 1212 2909 uam

457 2942 583 3019 virgines
614 2941 757 3016 Pyrrhum
782 2940 983 3010 nominarunt,
1005 2942 1138 3016 quoniam
1163 2960 1213 2997 ca-

458 3029 533 3105 pillis
558 3029 638 3086 llavis
660 3030 729 3099 luit,
749 3042 779 3085 et
798 3033 897 3086 Graece
914 3028 1009 3085 rusum
1023 3029 1148 3102 pyrrhon
1167 3028 1212 3085 di·

458 3117 541 3174 citur.
566 3116 666 3175 Achivi
691 3128 785 3173 autem
803 3134 890 3191 quum
910 3116 1059 3173 rescissent
1080 3115 1119 3173 ibi
1147 3136 1213 3174 etim

458 3201 612 3271 occultari,
632 3200 668 3258 ad
686 3221 781 3278 regem
804 3201 996 3277 Lycomedem
1017 3215 1145 3261 oratores
1161 3205 1214 3262 rui-

458 3302 568 3360 serunt,
582 3290 631 3366 qui
643 3302 777 3366 rogarent
795 3303 828 3347 ut
838 3310 903 3346 curn
923 3289 1097 3365 adjutorium
1108 3293 1213 3349 Danais

458 3377 593 3434 mitteret.
614 3382 673 3432 Rex
690 3396 778 3453 quum
793 3389 908 3452 negaret
922 3374 999 3452 apud
1016 3396 1047 3433 se
1064 3397 1139 3450 esse,
1159 3399 1214 3455 po—

459 3475 588 3522 testatem
603 3465 645 3520 eis
663 3463 747 3536 fecit,
768 3477 798 3522 ut
820 3465 850 3521 in
869 3464 947 3540 regia
965 3478 1135 3539 quererent.
1157 3467 1213 3540 Qui

457 3571 547 3627 quum
563 3550 722 3627 intelligere
732 3571 790 3608 non
803 3562 929 3627 possent,
939 3552 1004 3628 quis
1017 3565 1089 3610 esset
1101 3573 1212 3631 eorum,

458 3639 558 3698 Ulixes
570 3639 598 3696 in
618 3639 697 3716 regio
715 3638 859 3696 uestibulo
874 3658 993 3697 munera
1013 3639 1134 3697 leminea
1156 3661 1211 3717 po-

458 3728 534 3799 suit,
549 3726 585 3784 in'
600 3725 705 3804 quibus
726 3726 859 3804 clypeum
882 3739 911 3784 et
929 3727 1049 3799 hastam,
1071 3740 1100 3785 et
1118 3727 1213 3786 subito

458 3814 614 3872 tubicinum
632 3815 717 3890 jussit
735 3834 837 3872 cauere
851 3834 1051 3890 armorumque
1072 3816 1212 3892 crepitum

456 3916 486 3959 et
499 3903 653 3961 clamorem
668 3905 729 3961 lieri
747 3904 840 3980 jussit.
861 3904 985 3962 Achilles
1006 3905 1116 3962 hostem
1133 3905 1210 3962 arbi-

458 4005 535 4049 trans
547 3991 659 4062 adesse,
671 4005 778 4050 vestem
791 3992 959 4050 muliebrem
969 3992 1117 4050 dilaniavit
1127 4004 1212 4070 atque

457 4081 589 4156 clypeum
601 4093 630 4136 et
641 4080 752 4137 hastam
762 4080 900 4157 arripuit3
914 4099 948 4137 ex
960 4080 1015 4138 hoc
1026 4094 1070 4138 est
1081 4081 1213 4158 cognitus

457 4185 580 4243 srrasque
591 4187 694 4244 operas
707 4168 820 4243 Argivis
835 4168 966 4244 promisit
977 4183 1007 4226 et
1023 4170 1126 4226 milites
1136 4171 1213 4244 lllyr-

458 4254 597 4313 midones.
609 4281 622 4304 ι
647 4255 753 4312 Eadem
769 4256 819 4312 sed
835 4254 951 4312 brevius
974 4268 1072 4312 narrat
1088 4257 1211 4332 Apollo-

458 4339 546 4397 dorus
557 4346 610 4412 ΙΙΙ,
623 4342 667 4412 ι3,
676 4362 705 4412 7,
714 4342 821 4399 Statius
830 4347 853 4398 l.
864 4342 989 4399 Achilles
1002 4342 1212 4400 minimusnatu

458 4428 587 4484 omnium
603 4430 719 4506 Trojam
735 4431 880 4506 prolectas
892 4443 937 4486 est
952 4449 1046 4506 neque
1059 4429 1213 4486 obstrictus

455 4513 519 4589 jure
530 4514 673 4591 jurando,
687 4529 720 4572 ut
734 4517 821 4573 ceteri
837 4517 923 4573 duces
940 4522 1114 4575 Graecorum.
1133 4525 1211 4574 tlon-

457 4602 582 4659 sentiens
592 4603 719 4659 omnium
730 4605 902 4680 scriptorum
918 4606 1055 4662 memoria
1063 4619 1106 4661 est
1118 4606 1214 4662 Achil-

457 4689 511 4746 leru
521 4690 614 4767 ipsum
623 4691 746 4760 seUlixi,
758 4693 807 4766 qui
815 4691 1052 4749 intermunditias
1062 4692 1213 4750 muliebres

457 4795 533 4833 arma
547 4779 731 4854 exposuerit,
746 4791 898 4855 postquam
915 4779 1091 4853 Lycomedes
1105 4781 1145 4837 illi
1168 4781 1211 4837 in-

457 4876 532 4921 trare
541 4866 850 4943 regiamAchillemque
860 4865 900 4923 ibi
908 4869 1211 4944 quaererepermiserit,

455 4966 573 5029 arrepto
590 4973 657 5012 ense
677 4968 817 5031 scutoque
839 4953 1008 5032 prodidisse.
1022 4961 1095 5012 Sunt
1120 4968 1213 5014 tamen

457 5037 544 5096 bodie
569 5041 617 5115 qui
646 5040 758 5101 Ulixem
784 5041 885 5098 habitu
907 5043 1075 5099 mercatoris
1104 5045 1214 5102 venisse

457 5138 599 5196 censeant,
611 5127 698 5203 idque
713 5131 798 5186 etium
814 5130 979 5187 conclusum
990 5143 1033 5188 est
1054 5133 1213 5209 fragmento

996 718 1203 781 sotfloctts
1225 721 1469 786 FRAGMENTA.

1260 854 1424 930 Sophoclis,
1434 855 1511 933 quod
1526 858 1696 936 plerumque
1712 862 1788 919 inter
1801 862 1900 919 incerta
1913 883 1995 919 irren-

1260 954 1338 999 setur
1352 944 1429 1019 apud
1445 944 1558 1002 Pindari
1569 948 1657 1004 schol.
1669 948 1753 1023 Pyth.
1766 950 1817 1019 lll,
1835 950 1894 1005 125.

1301 1031 1453 1099 Quomodo
1476 1046 1562 1109 poeta
1582 1035 1746 1111 tragaediam
1774 1037 1931 1109 exornatis,
1950 1058 1994 1092 runi

1261 1130 1442 1193 compertum
1455 1121 1602 1178 habemus.
1615 1127 1688 1180 Sunt
1701 1123 1751 1199 qui
1767 1122 1863 1181 omnia
1876 1135 1995 1179 transuta·

1262 1214 1363 1279 putent
1383 1205 1411 1261 in
1425 1208 1552 1265 conclavi
1567 1209 1738 1281 mulierum,
1757 1208 1786 1265 id
1808 1210 1883 1285 quod
1899 1212 1994 1267 ostendi

1262 1290 1351 1349 choro
1366 1294 1498 1353 muliebri
1512 1308 1636 1353 censent.
1650 1303 1688 1355 At
1701 1316 1795 1373 neque
1805 1297 1955 1355 Trachinia
1966 1299 1996 1353 ibi

1262 1389 1331 1435 actae
1345 1394 1412 1437 sunt
1425 1402 1478 1439 nec
1490 1383 1792 1459 Choephoroe.Vernm
1810 1386 1922 1463 picturas
1934 1402 1997 1450 sunt,

1264 1477 1295 1521 ut
1306 1466 1353 1525 illa
1362 1470 1439 1544 apud
1448 1470 1591 1546 juniorem
1603 1472 1818 1542 Philostratum,
1830 1486 1858 1530 et
1868 1474 1996 1530 scholiasta

1262 1553 1298 1610 ad
1319 1554 1399 1613 Iliad.
1420 1558 1460 1627 t,
1477 1559 1546 1633 326,
1562 1558 1714 1616 dissentire
1728 1559 1787 1617 nori
1800 1560 1928 1642 uidetur.
1944 1566 1997 1617 Non

1262 1645 1424 1717 negaverim
1441 1646 1552 1703 Ulixem
1566 1666 1627 1703 eam
1640 1660 1750 1723 partem
1763 1647 1867 1705 domus
1880 1650 1997 1708 intrasse.

1263 1727 1313 1786 uhi
1324 1730 1453 1790 habitare
1466 1734 1597 1791 mulieres
1609 1733 1738 1793 solebant
1751 1758 1756 1790 :
1773 1755 1871 1793 verum
1880 1736 1940 1793 inde
1951 1756 1996 1791 unu

1264 1820 1393 1894 sequitur
1420 1820 1563 1895 tragrediae
1596 1821 1785 1893 convenisse,
1816 1836 1849 1879 ut
1877 1822 1995 1879 auditori-

1263 1902 1319 1963 bus
1338 1908 1535 1964 ostenderetur
1550 1908 1618 1985 quid
1634 1912 1663 1965 in
1675 1909 1723 1967 illa
1735 1910 1820 1986 regiae
1831 1909 1997 1967 remotissima

1264 2006 1344 2069 parte
1367 2008 1505 2071 ageretur.
1524 1996 1635 2054 Chorus
1658 2018 1714 2053 nou
1734 1997 1818 2054 facile
1836 2018 1869 2053 ex
1886 1997 1942 2054 aliis
1955 1996 1995 2049 nia

1265 2080 1431 2139 mulieribus
1456 2094 1587 2140 constare
1616 2085 1720 2161 potuit.
1738 2089 1790 2143 Hae
1816 2086 1880 2142 sole
1905 2082 1995 2140 filiabus

1264 2169 1430 2244 Lycomedis
1443 2170 1604 2247 Achillique
1615 2172 1821 2249 congruebaut.

1303 2256 1443 2319 Quocirca
1464 2272 1534 2334 puta
1555 2258 1718 2337 tragaediam
1740 2262 1768 2317 in
1783 2262 1858 2317 hunc
1875 2260 1929 2317 lere
1946 2278 1993 2313 mn

1264 2337 1332 2396 dum
1347 2346 1544 2421 compositam.
1555 2348 1689 2403 Oratores
1699 2348 1822 2424 primum
1838 2358 1900 2403 aute
1910 2346 1995 2419 regiam

1264 2430 1432 2501 Lycomedis
1455 2432 1609 2493 introducti
1631 2433 1840 2510 explanabant,
1868 2452 1946 2510 tyriam
1967 2432 1996 2485 nh

1265 2532 1324 2571 rem
1345 2520 1511 2586 venissent,
1531 2520 1770 2599 postulabantque
1794 2542 1809 2578 a
1834 2518 1996 2596 Lyrouxede,

1264 2603 1312 2677 qui
1328 2605 1466 2664 Achillem
1480 2608 1556 2685 ayittd
1572 2628 1602 2665 se
1618 2610 1758 2666 occultari
1775 2608 1901 2687 negabat,
1916 2608 1994 2663 utsibi

1265 2688 1373 2748 intrare
1394 2695 1500 2770 regiam
1523 2695 1661 2771 illumque
1681 2714 1810 2773 quarere
1832 2695 1995 2773 permitteret.

1265 2778 1996 2855 CopiaintroeundisacmAchillesdolisLlixisaguo

1265 2864 1363 2939 scitur,
1371 2868 1523 2943 statimque
1532 2870 1609 2926 redit
1617 2870 1724 2941 Ulixes,
1733 2882 1766 2927 ut
1775 2869 1909 2928 Achillem
1920 2882 1996 2924 ostru-

1266 2947 1314 3005 dat
1341 2951 1506 3026 Lycomedi.
1529 2960 1572 3013 lta
1593 2957 1719 3014 Achilles
1741 2958 1854 3033 agnitus
1873 2956 1907 3014 ab
1930 2956 1996 3015 t‘tio

1267 3052 1453 3112 permovetur
1476 3054 1507 3097 ut
1527 3061 1592 3099 cum
1610 3043 1728 3120 reliquis
1752 3044 1861 3100 Graecis
1883 3044 1908 3097 in
1922 3062 1994 3117 expe-

1266 3125 1401 3182 ditionem
1412 3126 1448 3183 ad
1458 3127 1574 3205 Trojam
1584 3130 1804 3208 expugnandam
1815 3130 1996 3207 prolieisenuu.

1266 3233 1437 3290 (quamquam
1449 3216 1498 3274 alii
1510 3235 1575 3275 eum
1590 3218 1714 3276 retinere
1726 3219 1849 3276 student

1304 3303 1373 3373 Quae
1396 3303 1535 3378 exposui,
1557 3302 1698 3380 ejusmodi
1716 3318 1783 3361 sunt
1806 3318 1838 3362 ut
1865 3306 1995 3380 lragmmu

1266 3389 1300 3444 iis
1314 3389 1376 3446 sine
1398 3391 1528 3449 molestia
1545 3391 1675 3468 adaptari
1699 3394 1818 3469 possint.
1841 3397 1937 3449 Versus
1958 3391 1996 3466 qui

1265 3473 1341 3552 apud
1353 3476 1536 3538 Plutarchum
1548 3495 1623 3551 sunt,
1634 3485 1709 3537 Mor.
1723 3499 1753 3556 p.
1768 3481 1815 3550 34,
1824 3483 1859 3552 Ι),
1866 3500 1888 3539 s.
1900 3477 1995 3538 aeaut.

1267 3576 1341 3640 poet.
1357 3585 1382 3622 c.
1401 3587 1455 3626 rr:

1264 3712 1996 3812 [ιΊΥΣὺδ’ὦτὸλαμπρὸνφῶςάποσέεινὺςγένους·

1343 3833 1448 3916 ξαίνεις
1461 3833 1582 3923 ἀρίστου
1595 3836 1709 3922 πατρὸς
1724 3819 1865 3908 Ἑλλήνων
1880 3836 1961 3926 ytytlt
1969 3860 1976 3905 ἱ

1266 3986 1995 4070 suntUlixis,utaitPlutarchus,quibusnotatAehil·

1265 4087 1320 4142 lem
1333 4089 1408 4141 iuter
1422 4081 1544 4156 virgines
1556 4080 1703 4138 sedentem
1718 4077 1909 4154 muliebrique
1928 4093 1994 4151 oput¹

1265 4165 1636 4247 occupatum.(Apudeuud.
1644 4169 1717 4222 hlor.
1727 4185 1755 4242 p.
1766 4185 1814 4236 72,
1822 4169 1883 4235 Ep.
1896 4185 1905 4220 ι
1917 4159 1994 4234 estpi:

1265 4257 1445 4335 καταισχύνων
1451 4253 1633 4332 yt'vouc.)llaec
1641 4254 1834 4331 pronunciata
1847 4271 1905 4309 esse
1919 4249 1994 4306 exiso-

1265 4365 1311 4404 mo
1323 4365 1411 4422 quum
1423 4345 1545 4420 primum
1557 4341 1680 4399 Achilles
1692 4383 1700 4410 ,
1710 4353 1865 4417 postquam
1875 4339 1993 4415 quinon

1265 4434 1378 4510 agnitus
1387 4445 1439 4498 est,
1448 4430 1672 4509 producebatur.
1688 4433 1731 4485 tta
1741 4428 1883 4486 abducere
1894 4441 1994 4482 eumue

1266 4533 1350 4577 natur
1363 4518 1532 4596 indignitate
1550 4517 1613 4573 vitre
1629 4515 1769 4591 exposita,
1780 4534 1864 4590 quarn
1874 4513 1994 4583 hucusqu·

1265 4609 1364 4684 egerit.
1382 4612 1414 4664 ln
1435 4603 1542 4682 quibus
1555 4603 1651 4680 atripla
1662 4603 1747 4679 eopia
1762 4615 1853 4678 poeta
1866 4600 1925 4658 data
1938 4597 1993 4687 tuitT

1267 4709 1298 4752 ut
1317 4695 1473 4772 juvenilem
1498 4691 1686 4748 adolescentis
1712 4689 1845 4748 ardorem
1873 4679 1993 4776 pugnandi

1266 4781 1439 4840 ostenderet.
1453 4785 1561 4837 Verum
1578 4777 1658 4835 adest
1671 4777 1795 4853 aliquis,
1811 4777 1859 4853 qui
1872 4793 1930 4832 eum
1944 4779 1993 4826 retr·

1266 4891 1333 4928 nere
1345 4869 1466 4927 studeat.
1480 4867 1551 4939 Quis
1569 4866 1598 4923 id
1614 4866 1706 4922 lacere
1719 4865 1870 4932 studuerit,
1880 4881 1930 4922 oon
1942 4875 1994 4912 coir·

1266 4970 1329 5015 stat.
1341 4962 1413 5016 Sunt
1423 4957 1471 5034 qui
1481 4955 1596 5013 l’eleum
1606 4955 1648 5011 vel
1660 4953 1822 5010 Phoenicem
1830 4945 1994 5008 intercessisse

1267 5045 1393 5103 credant.
1413 5051 1450 5102 At
1474 5063 1562 5122 quum
1576 5043 1653 5100 nulla
1672 5053 1764 5099 exstet
1787 5037 1929 5104 memoria,
1948 5047 1994 5106 qut

1270 5131 1368 5190 Peleus
1386 5132 1429 5187 sel
1440 5131 1557 5188 Phrenix
1569 5131 1600 5187 in
1611 5135 1730 5204 Scyrum
1744 5129 1852 5186 venisse
1868 5117 1991 5202 perhibet

460 5273 1990 5306 Qum—*d

1219 5387 1266 5436 tt.

458 5471 528 5526 Tun'
542 5472 630 5540 gentis
643 5472 736 5528 album
747 5474 840 5530 lurrrcu
856 5475 1030 5548 exstinguens
1044 5475 1134 5533 trahis

1267 5477 1309 5532 hle
1325 5489 1422 5549 pensa,
1440 5475 1547 5546 gemtus
1561 5471 1666 5543 optimo
1680 5473 1792 5546 Grajdm
1806 5473 1891 5544 patre?
1925 5467 1987 5520 ttox.
