4567 6425
802 676 1013 739 soeuoctts
1032 678 1280 741 FRAGMENTA.

253 831 332 888 799,
355 818 450 873 Orest.
471 833 669 891 979-roor‚
695 814 800 874 Electr.
828 816 1014 891 φιλ-719.

293 906 340 960 Ex
351 902 519 981 fragmentis
534 922 626 981 pauca
643 902 680 960 de
694 903 903 981 compositione
915 914 1016 978 400000-

251 987 309 1045 sliae
323 990 490 1066 conjectura
502 991 598 1067 colligi
610 1002 738 1068 possunt.
751 988 942 1049 attribuerim
960 989 1017 1048 iui-

253 1077 294 1132 tio
308 1076 463 1150 dramatis,
475 1077 526 1136 ubi
548 1084 655 1137 Aucus
667 1078 788 1155 injurias
809 1098 876 1136 suas
891 1096 910 1135 a
929 1078 1017 1135 fratre

252 1178 386 1241 acceptas
397 1166 644 1244 conquerebatur,
656 1185 754 1224 versus
764 1166 835 1225 Attii
846 1188 853 1223 :

288 1285 332 1338 En
344 1283 450 1357 impetu
461 1285 559 1359 Argis3
571 1294 676 1360 sceptra
686 1286 754 1343 milti
766 1287 849 1360 liquit
858 1288 974 1361 Pelops,

287 1378 344 1435 qua
356 1373 442 1435 ponto
453 1364 488 1420 ab
501 1364 594 1422 Helles
607 1374 688 1439 atque
700 1366 735 1423 ab
747 1367 825 1423 lonio
840 1366 908 1423 mari

287 1450 404 1515 urgetur
414 1442 548 1501 Iubmus.

255 1555 438 1656 memorabat
460 1558 536 1616 inter
566 1558 652 1629 hac,
674 1557 824 1636 quomodo
856 1558 960 1637 Pelops
987 1560 1017 1617 in

256 1662 468 1720 possessionem
481 1647 561 1724 regni
575 1648 774 1725 pervenisset:

254 1739 345 1796 Simul
356 1746 385 1796 et
394 1739 481 1797 tuan
492 1742 603 1815 premia
618 1750 710 1817 erepta
720 1751 826 1878 03]φο
837 1758 853 1798 0
863 1758 944 1801 socru
957 1758 1019 1817 pos·

783 1839 791 1877 ι
817 1837 877 1878 suo.

257 1936 405 2009 Exponit,
418 1933 567 2011 quomodo
578 1936 609 1993 in
625 1954 746 2015 regnum
758 1935 871 1993 venerit
883 1956 890 1991 :

257 2048 339 2107 Addo
354 2051 423 2117 huc.
436 2050 512 2125 quod
523 2052 590 2109 mihi
603 2060 729 2126 portanto
743 2052 889 2111 solutam
903 2059 978 2125 pater

256 2130 412 2203 prodigium
425 2133 511 2200 misit,
525 2134 603 2207 regni
615 2132 771 2191 stabilimen
784 2132 850 2199 mei,

256 2224 359 2281 agnum
370 2212 442 2268 inter
452 2212 572 2284 00004100
584 2226 667 2269 amsa
679 2213 785 2271 0100000
797 2228 895 2279 mma,

255 2304 338 2361 quem
352 2289 424 2346 elam
435 2291 584 2365 Thyestem
593 2291 701 2365 clepere
715 2307 777 2349 esse
788 2307 887 2348 ausum
900 2307 916 2347 e
929 2291 1019 2364 regia,

256 2368 350 2437 quain
362 2384 393 2425 rs
405 2368 568 2443 adjutricun
580 2370 725 2444 conjugm
738 2370 812 2445 oepit
825 2370 888 2428 sibi.

257 2484 356 2588 Srlrol.
371 2484 521 2564 Euripidis
533 2484 656 2564 Hippoi.
670 2488 729 2563 ³⁰9
742 2508 750 2544 r
763 2486 901 2567 Σοφοκλῆς
921 2487 1019 2556 Μυκη-

255 2594 338 2637 sarm<
351 2594 359 2608 ·

258 2711 340 2793 [488]
354 2706 410 2777 Μὰ
426 2711 482 2803 σὴν
499 2710 609 2779 ἐκείνου
622 2702 768 2785 desiisti
783 2673 941 2795 βόσκεται,

307 2824 401 2900 θῆλυς
413 2824 466 2915 μὲν
483 2826 587 2911 αὐτὸς,
598 2822 723 2918 ἄρσενας
739 2817 767 2891 δ’
780 2825 901 2918 ἐχθροὺς
914 2824 1002 2915 ἔχων.

257 2956 453 3100 d(sausqueritrrr
470 2958 507 3018 de
526 2959 704 3039 impudentia
727 2959 877 3036 Thyestis,
897 2960 949 3037 qui
972 2979 1018 3019 re·

277 3060 342 3104 rertt
353 3070 361 3104 a

361 3158 464 3233 1300010
477 3158 530 3216 hoc
542 3155 756 3216 animadvertit?
767 3157 875 3214 vincite.

258 3261 292 3316 El
304 3281 311 3316 ε

290 3379 397 3434 Iterum
409 3377 543 3453 Thyestes
555 3383 669 3436 Atreum
680 3383 828 3434 attractum
841 3374 965 3442 advenit,

289 3459 391 3514 iterum
398 3458 455 3532 y’am
465 3458 622 3532 appeditur
632 3473 675 3513 me
684 3463 714 3513 et
721 3457 845 3528 quietum
854 3457 981 3513 suscitat.

289 3539 379 3611 Major
389 3537 456 3596 mihi
466 3539 567 3603 uiolas.
578 3538 667 3610 maius
679 3535 850 3594 miscendum
861 3537 982 3600 matum,

288 3634 337 3690 qur
347 3617 424 3674 illius
430 3617 560 3675 acerbum
567 3633 617 3674 eor
625 3615 793 3674 couurndam
799 3622 982 3672 etoouteram.

256 3729 296 3786 tt.
310 3729 372 3786 Cic.
383 3730 429 3784 lle
442 3737 515 3783 orat.
527 3727 580 3796 lll,
595 3724 642 3797 58,
657 3723 708 3782 nbi
717 3723 801 3802 plura
815 3734 891 3782 sunt.
906 3723 1018 3781 Deinde

257 3819 311 3874 cic.
323 3821 371 3874 De
387 3828 446 3874 nat.
458 3813 538 3872 deor.
552 3816 604 3884 111,
619 3833 655 3885 ²7
671 3835 678 3868 ε

272 3936 323 4005 Qui
338 3949 397 3990 uon
408 3941 453 3990 sat
461 3932 557 3990 habuit
567 3931 712 4004 conjugem
722 3931 800 3988 illese
812 3930 840 3986 in
851 3939 990 4003 stuprum.

256 4055 327 4108 'lum
339 4071 348 4105 τ

379 4161 438 4231 ligo
450 4158 568 4232 incipio,
581 4167 679 4215 conata
691 4173 832 4230 exseqmr.

246 4279 356 4342 'Neque
366 4271 448 4330 illum
461 4273 542 4329 timet
551 4269 664 4330 etiamsi
678 4268 853 4328 ostenderit:

431 4390 548 4449 Oderint
559 4387 628 4446 dunt
643 4397 777 4446 mearant.

256 4494 288 4546 tt
299 4510 306 4546 ε

256 4601 335 4656 statu
346 4599 433 4672 utqui
443 4606 526 4671 atque
536 4566 762 4668 interempto,
773 4593 853 4667 pauo
863 4600 929 4649 sunt
939 4591 1016 4648 sont.

254 4719 286 4770 st
300 4712 459 4782 eveniunt,
477 4710 547 4770 dum
562 4709 704 4786 'thyestes
718 4707 866 4786 epulatur,
885 4705 1016 4763 inaudita

255 4799 399 4858 miracula.
411 4799 459 4859 sot
472 4817 588 4857 cursum
599 4797 720 4864 avertit:
736 4796 866 4854 homines
879 4793 1017 4870 religione

255 4887 364 4967 impleti
390 4889 479 4946 solem
505 4885 636 4948 adorant.
659 4885 783 4946 Achilles
802 4889 865 4943 Tat.
893 4883 963 4958 lsaq.
984 4879 1015 4937 in

257 4977 334 5036 Arati
350 4975 447 5035 theo.
464 4977 544 5046 1,ll:
562 4975 699 5056 Σοφοκλῆς
712 4970 740 5032 dl
755 4973 791 5039 sle
806 4968 897 5052 'alapia
909 4968 958 5040 τὴν
974 4965 1017 5026 01-

257 5089 323 5144 φιοιν
337 5065 543 5146 (astronomiae)
555 5062 678 5144 ἀναφέροι
690 5061 786 5138 λέγων,

1774 702 1828 751 337

1069 832 1151 912 [481]
1172 832 1239 907 Παῖς
1255 837 1419 922 προσκυνεῖ
1431 818 1483 923 [dl
1499 820 1566 927 τὸν]
1584 836 1754 927 στρέφοντα
1773 842 1828 905 to'-

1647 957 1715 1017 κλον
1730 954 1828 1025 ἡλίου.

1069 1071 1210 1131 'l'onitrua
1222 1073 1379 1133 audiuntur
1388 1074 1465 1152 apud
1482 1076 1591 1134 Attium
1604 1098 1611 1133 :

1176 1182 1229 1242 Sed
1243 1185 1309 1259 quid
1322 1188 1424 1245 tonitru
1438 1187 1547 1245 turbida
1560 1196 1636 1245 torro

1176 1280 1310 1323 concussa
1323 1276 1433 1341 repento
1447 1283 1557 1341 aequora
1571 1270 1632 1325 nali

1177 1345 1308 1402 sensimu'
1322 1349 1438 1403 sonere?

1071 1429 1176 1519 Atreus
1193 1480 1225 1519 re
1236 1460 1366 1521 conlecta
1387 1462 1485 1540 prodit
1505 1464 1601 1535 laetus,
1618 1464 1696 1540 quod
1716 1466 1759 1523 sui
1776 1466 1831 1525 sibt

1070 1562 1190 1608 mustus
1199 1549 1321 1609 feliciter
1328 1552 1526 1629 processerint.
1536 1551 1631 1611 Schol.
1642 1554 1741 1631 Eurip.
1754 1556 1832 1613 Med.

1070 1656 1099 1697 v,
1112 1639 1150 1696 33
1163 1636 1327 1717 2’Arrpa'cae
1348 1636 1403 1717 1χο
1426 1638 1547 1707 Ἀττικῶς
1568 1638 1625 1697 ἀντ]
1642 1644 1689 1699 τοῦ
1709 1640 1832 1721 ἠτίμησε.

1071 1725 1116 1783 καὶ
1129 1726 1282 1807 Σοφοκλῆς·

1072 1861 1155 1941 [482]
1167 1848 1287 1936 liuidae
1303 1856 1359 1951 γὰρ
1372 1858 1422 1936 οὓς
1439 1858 1521 1951 ipuo'
1534 1860 1691 1937 ἀναλώσας
1706 1862 1777 1954 ἔχει.

1071 1985 1168 2044 Attius
1180 2008 1188 2043 ε

1178 2096 1276 2155 Gmtis
1288 2096 1444 2171 sepulcrum
1456 2099 1515 2172 ipse
1528 2102 1571 2155 ast
1584 2114 1691 2171 parens.

1072 2205 1147 2259 'l'um
1167 2200 1309 2278 Thyestes
1331 2214 1480 2281 posu-emo
1498 2222 1579 2281 paene
1601 2222 1658 2261 non
1679 2200 1834 2275 dubitans,

1072 2290 1210 2367 quidnam
1230 2291 1337 2349 lactum
1359 2303 1459 2363 esset,
1482 2290 1615 2369 quaesivit
1640 2309 1708 2348 num
1730 2296 1835 2349 Atreus

1071 2378 1129 2438 sibi
1140 2378 1248 2438 liberos
1258 2380 1416 2439 vescendos
1426 2380 1606 2459 apposuerit.
1618 2380 1671 2439 Cui
1683 2385 1807 2438 Atreuss

1072 2498 1220 2567 Nunquam
1232 2496 1313 2553 istam
1327 2496 1490 2555 imminuam
1507 2514 1601 2555 curam
1616 2494 1762 2554 infitiando
1775 2496 1835 2552 tibi.

1072 2606 1185 2665 Deinde
1194 2604 1384 2685 describitur,
1397 2606 1546 2685 quomodo
1559 2606 1635 2665 cocti
1646 2608 1705 2665 sint
1720 2629 1726 2663 :

1379 2729 1533 2801 concoquit
1546 2736 1650 2801 partem
1664 2744 1747 2801 vapor

1123 2807 1253 2875 damme,
1267 2808 1374 2865 tiaras
1386 2806 1507 2865 stridunt
1519 2808 1638 2865 renibus
1650 2809 1679 2865 in
1692 2808 1765 2865 ioco.

1071 2914 1213 2990 Thyestes
1224 2926 1323 2991 postea
1337 2914 1527 2991 conqueritur
1540 2913 1626 2972 fidem
1637 2912 1692 2973 sibi
1705 2914 1804 2971 datam
1821 2934 1837 2969 a

1072 3002 1161 3061 lratre
1172 3001 1309 3060 violatam
1321 3020 1383 3060 esse
1396 3022 1402 3059 :

1465 3093 1609 3168 Fregistin'
1624 3092 1723 3151 iidem?

1071 3194 1125 3255 Cui
1134 3200 1240 3254 Atreus
1254 3217 1261 3251 ι

1106 3291 1203 3372 Neque
1216 3297 1345 3356 dederam
1358 3313 1447 3372 neque
1459 3295 1496 3355 do
1509 3296 1613 3356 infideli
1626 3299 1769 3372 cuiquam3

1071 3408 1206 3486 additque
1217 3403 1295 3484 quod
1306 3425 1406 3483 passus
1417 3405 1454 3462 sit
1462 3403 1530 3482 jure
1542 3404 1584 3462 illi
1597 3405 1703 3464 lactum
1720 3429 1727 3464 ;

1140 3520 1222 3592 Quod
1231 3521 1261 3576 in
1272 3536 1302 3576 rs
1311 3533 1418 3576 summa
1428 3531 1568 3575 summum
1578 3517 1694 3574 arbitror

1141 3599 1284 3672 periclum,
1300 3605 1401 3654 matres
1412 3596 1583 3670 coinquinati
1597 3596 1699 3668 regias,

1140 3677 1320 3735 contaminari
1334 3677 1465 3749 stirpem,
1480 3673 1625 3732 admisceri
1639 3691 1734 3748 genus.

1070 3791 1146 3846 Tum
1163 3785 1334 3844 lamentatur
1352 3783 1511 3860 Thyestes,
1526 3781 1597 3859 quid
1615 3781 1696 3840 lratri
1714 3781 1769 3840 sibi
1791 3785 1834 3840 le·

1070 3886 1142 3932 certt
1152 3897 1159 3932 τ

1069 3986 1175 4060 Impius
1188 3987 1315 4043 hortatur
1329 3999 1372 4040 me
1386 3982 1480 4050 irater,
1491 3987 1526 4038 ut
1538 3995 1613 4038 meos
1625 3979 1703 4036 mltis
1716 3980 1835 4038 miseros

1069 4065 1229 4122 mandaram
1244 4063 1325 4120 natis.

1070 4172 1222 4232 irridentis
1233 4175 1314 4232 Atrei
1327 4167 1416 4226 verba
1427 4167 1529 4226 recitat
1540 4185 1548 4222 r

1103 4298 1146 4351 Na
1156 4309 1219 4351 cum
1232 4300 1349 4365 tyranno
1361 4291 1506 4362 quisquam
1520 4285 1647 4361 epulandi
1662 4287 1746 4358 gratia

1103 4371 1250 4431 adcumbat
1264 4385 1386 4428 mensun
1400 4377 1448 4426 aut
1459 4365 1575 4424 eandam
1587 4375 1713 4424 vescatur
1723 4365 1820 4438 dapem
1835 4413 1841 4424 .

1071 4485 1195 4544 Patriam
1207 4483 1311 4540 iterum
1326 4479 1477 4538 relicturus
1489 4490 1532 4534 est
1545 4499 1552 4534 τ

1068 4603 1164 4672 Quae
1186 4596 1316 4668 Argiuum
1337 4593 1481 4666 imperium
1500 4591 1632 4662 attingam
1654 4597 1701 4646 aut
1722 4589 1831 4660 Pelopia

1439 4671 1536 4744 dignu
1550 4667 1653 4727 domo?

1069 4759 1120 4818 Cui
1138 4773 1183 4814 mc
1200 4751 1360 4813 ostendam?
1379 4751 1453 4824 quod
1470 4749 1601 4822 templum
1618 4748 1732 4805 aduam?
1748 4763 1830 4820 quent

1332 4847 1379 4889 ore
1390 4829 1501 4886 lunesto
1512 4826 1654 4900 alloquar?

1069 4945 1178 5007 Abiens
1190 4944 1226 5001 de
1236 4942 1342 5000 fratre:

1103 5061 1187 5118 Proin
1201 5059 1238 5116 ita
1252 5063 1347 5132 paratu
1361 5069 1390 5110 se
1403 5055 1431 5110 in
1445 5053 1516 5114 rita,
1531 5059 1562 5108 ut
1574 5049 1792 5112 vincinesciaut.

257 5143 1835 5200 --,,.,.,,,.-....-.........--.---------·--------·--·-·-.···Ι

601 5263 664 5313 180.

325 5393 377 5446 Per
390 5389 464 5445 illius
476 5387 630 5460 ignaviora.
642 5401 695 5458 qua
708 5383 819 5448 innitur,

324 5469 463 5526 muliebris
474 5468 544 5536 ipse,
556 5473 585 5522 et
597 5465 688 5520 viriles
702 5464 797 5534 liostes
808 5463 921 5518 italicus.

386 5589 510 5625 ioPllticl‘ll
525 5587 676 5625 mumd-

1124 5297 1317 5368 Unusquisque
1330 5217 1588 5349 arnaginensem
1603 5286 1695 5343 orbem
1709 5287 1783 5342 solis.

1140 5461 1244 5514 Pueros
1257 5455 1349 5522 enim,
1362 5375 1553 5524 quoiienuu,
1566 5446 1692 5520 epulatus
1705 5453 1747 5500 est

1668 5557 1697 5600 11
