4567 6425
833 719 1042 783 soruocuts
1062 722 1317 792 FRAGMENTA.

282 842 480 909 introductam
494 870 571 920 esse,
588 849 637 909 sed
652 862 685 908 nt
703 849 823 909 decebat
835 852 956 930 probam
975 874 1051 911 uxo-

280 960 357 1007 rem,
369 938 463 997 mariti
477 950 619 997 amantem
630 958 757 1015 eumque
766 944 973 1001 consolantem.
989 948 1051 1001 Cu-

277 1028 330 1103 jus
341 1045 437 1085 moros
451 1027 475 1085 si
488 1028 517 1083 in
533 1018 707 1084 confrariam
730 1028 746 1082 i.
767 1047 792 1085 e.
817 1029 918 1087 attalam
941 1046 1050 1107 {nartem

279 1114 318 1172 ab
334 1114 549 1191 antiquioribus
567 1115 661 1192 poetis
673 1114 812 1193 descripti
829 1131 938 1190 essent,
949 1121 1049 1194 procul

280 1201 375 1259 dubio
392 1214 501 1280 poete,
512 1202 562 1279 qui
582 1202 647 1259 illos
660 1202 806 1261 subsecuti
825 1219 903 1277 stant,
918 1207 1051 1265 meliores

281 1311 335 1347 eos
358 1296 417 1347 non
440 1290 582 1347 fecissent.
599 1294 701 1367 ltaque
718 1291 741 1347 is
761 1292 820 1349 falli
840 1314 898 1351 uon
925 1294 1059 1371 videtur„

280 1380 334 1455 qni
347 1398 365 1435 a
376 1370 522 1455 Sophocle
533 1376 654 1435 eandem
671 1379 811 1437 rationem
824 1401 910 1457 qraarm
925 1404 941 1438 a
957 1384 1051 1442 Theo·

279 1467 366 1523 decte
378 1466 481 1524 initam
494 1466 649 1543 putaverit.

321 1559 455 1612 Personae
467 1554 613 1632 tragoediae
623 1555 648 1612 si
659 1555 778 1637 historia
790 1558 852 1634 ipsa
866 1577 958 1637 prope
969 1574 1050 1617 extra

282 1660 401 1699 omnem
425 1640 637 1699 dubitationem
665 1644 767 1720 positae
788 1657 874 1716 sunt,
901 1658 994 1703 tamen
1014 1668 1051 1705 ne

279 1728 435 1787 minimum
448 1729 567 1807 quidem
587 1730 671 1788 ebori
687 1731 824 1789 indicium
843 1734 975 1791 relictum
998 1751 1049 1793 est.

280 1818 417 1875 Mulieres
429 1830 537 1889 tannen,
552 1830 585 1874 nt
598 1818 713 1876 videtur
723 1820 915 1897 Alphesiboea
924 1824 1050 1896 cincidas,

278 1906 462 1963 introductas
478 1925 543 1964 csse
555 1907 585 1964 in
599 1907 690 1963 choro
701 1908 840 1966 credibile
850 1922 902 1967 est.

323 1995 451 2071 Prologo
472 1994 680 2052 adscribendus
707 2008 750 2052 est
768 2017 867 2055 uersus
886 1999 935 2074 qui
962 2002 1049 2078 rrrlgo

278 2082 358 2139 inter
380 2082 491 2140 incerta
512 2082 671 2160 fragmenta
691 2084 797 2141 relatus
820 2098 864 2142 est
885 2087 964 2163 apud
983 2091 1047 2146 Pri-

277 2171 408 2227 seiaunm
423 2175 461 2241 ll,
476 2190 503 2247 p.
520 2173 576 2239 aas
589 2172 633 2229 ed.
648 2172 767 2230 urent:

276 2306 364 2389 [³⁰1]
381 2296 598 2399 Ᾱλριοίίοιοιν,
612 2308 649 2381 ἢν
662 2314 679 2375 ὁ
690 2311 833 2401 γεννήσας
848 2314 950 2402 πατὴρ
954 2359 1014 2378 .....

277 2438 389 2493 Versus
400 2436 521 2513 prologo
533 2434 724 2493 vindicandus
740 2456 803 2495 csse
819 2438 945 2511 ridetur,
955 2462 1044 2519 qrrrnn

274 2542 344 2598 «pm
358 2523 517 2582 Alcmaeoni
530 2524 716 2598 accidissent,
736 2541 959 2603 exponerentur.
978 2537 1046 2591 Post

277 2610 364 2668 chori
383 2630 499 2670 carmen
527 2611 710 2691 Alphesiboea
737 2614 856 2673 fortasse
877 2616 906 2675 in
931 2638 1043 2679 scearanr

277 2699 391 2775 prodiit
406 2710 436 2757 et
445 2700 589 2759 collocuta
602 2713 645 2759 est
661 2722 726 2770 cnm
739 2704 913 2778 Alcmaeoue,
927 2729 1013 2785 (parem
1027 2732 1044 2767 a

274 2784 384 2843 morbo
404 2798 488 2864 optat
504 2786 628 2847 liberari.
642 2793 707 2848 llnc
727 2792 908 2851 referendum
925 2810 969 2853 est
982 2798 1043 2856 fra·

274 2886 444 2951 graculum,
473 2874 552 2952 quod
579 2879 703 2935 servavit
730 2881 911 2958 Porphyrius
933 2886 1041 2956 Quaest.

275 2968 362 3022 llont.
383 2968 397 3022 l
421 2961 467 3042 (et
493 2966 622 3023 Ettstatlt.
646 2986 674 3043 p.
697 2970 786 3040 ibid,
808 2968 841 3047 6)
860 2994 867 3029 a
887 2974 955 3053 Σορ.
983 2974 1043 3033 'al-

273 3050 411 3128 ιμαῖωνι·

272 3182 358 3262 [3⁰2]
375 3176 440 3246 Εἶθ’
453 3177 485 3248 εὖ
496 3185 675 3273 ρρονήοαντ“
691 3174 832 3276 ricidotpi
848 3214 912 3265 πως
931 3202 1040 3283 ρρενῶν

372 3287 526 3366 ε’πήῖολυν
543 3321 585 3362 σε.

274 3419 295 3485 i·
304 3421 387 3475 Eust.
398 3419 505 3478 omittit
514 3443 578 3486 πως.
589 3427 721 3482 Fortasse
732 3440 849 3502 praestat
861 3430 913 3490 κου’.
922 3459 933 3484 ν
942 3435 1039 3517 prad.)

272 3511 408 3564 Fortasse
421 3507 513 3566 cidem
526 3509 592 3566 loco
604 3509 824 3574 adscribendum
835 3530 879 3576 est
891 3521 1039 3599 fragmen-

273 3605 332 3650 luut
344 3594 423 3670 apud
449 3597 644 3673 lless'cliitttn:
660 3600 742 3678 [³03]
761 3629 773 3653 ι
788 3604 860 3674 αἰνῶ,
872 3635 884 3656 ν
905 3609 1038 3688 παρίημι,

270 3687 466 3762 παραιτοῦμαι,
482 3684 526 3742 καὶ
549 3687 657 3744 ἐπαινῶ.
675 3690 708 3748 Σ.
724 3688 892 3767 Ἀλκμαίωνι.
908 3703 1036 3758 Granum

273 3771 392 3828 uellet-i
413 3791 443 3848 p.
469 3772 539 3849 358,
564 3776 626 3830 nd:
650 3803 662 3825 ι
678 3777 751 3834 αἰνῶ.
769 3805 781 3828 ¹·
809 3780 956 3861 Σοφοκλῆς.
983 3788 1037 3846 Καὶ

270 3859 372 3915 ἐπαινῶ
382 3859 440 3936 (καὶ
447 3862 513 3917 αἰνῶ
525 3883 554 3918 οε
565 3859 791 3938 Strid.).Videtur
801 3888 856 3926 roa
866 3872 1037 3934 Alernaeonis

272 3948 379 4004 monile
399 3950 565 4026 repetentis.
587 3951 671 4022 Quod
692 3967 724 4011 nt
738 3958 933 4032 persuaderet,
947 3965 1036 4022 inulta

272 4037 393 4094 insusse
417 4036 453 4094 de
472 4035 576 4095 traorbo
596 4041 726 4100 oratione
748 4049 938 4108 eonmrutiorc
957 4052 1036 4111 addi·

270 4125 313 4184 dit
323 4148 331 4182 τ

375 4226 417 4280 lta
430 4225 523 4280 territa
534 4226 655 4283 rnembra
666 4231 760 4287 auitam
769 4242 875 4304 aegroto

373 4312 505 4359 cunctant
516 4304 634 4362 sufferre
645 4307 776 4366 laborem.

269 4417 368 4490 licque
381 4415 521 4476 abhorret
533 4419 611 4477 aliud
625 4423 694 4480 attii
706 4423 912 4503 fragmentum:

285 4523 428 4580 Postremo
438 4518 561 4598 amplum
572 4525 694 4585 fructum
707 4547 789 4603 quern
801 4533 829 4589 di
841 4534 908 4592 dant
919 4553 994 4610 cape.

267 4627 430 4685 Welcltcrns
443 4631 622 4707 sagacissime
635 4631 738 4690 incerti
759 4636 814 4694 loci
839 4637 1029 4716 fragmentum

267 4715 397 4772 contulit.
420 4737 469 4794 ap.
499 4719 595 4795 script.
620 4721 694 4778 Vitae
726 4726 845 4784 llomeri
868 4728 897 4784 in
919 4733 1028 4808 Opusc.

267 4803 354 4878 ruyth.
376 4807 480 4949 Ίέὴοιιι.
503 4808 565 4864 Gal.
586 4830 615 4887 p.
630 4809 683 4864 361
698 4832 705 4865 :
721 4812 808 4871 Πάλιν
823 4811 851 4872 δὲ
864 4814 895 4873 τὸ
906 4815 1028 4900 Ὁμήρου

267 4893 307 4953 all.
321 4893 353 4962 Γ,
366 4893 384 4949 6
405 4897 433 4970 )·

1804 764 1863 821 805

1159 908 1165 923 .
1186 860 1226 920 Οὔ
1241 886 1281 922 τοι
1297 864 1426 939 ἀπόόλητ’
1439 871 1494 929 ἐστὶ
1509 878 1574 935 θεῶν
1586 878 1705 957 ἐρικυδέα
1719 884 1804 966 δῶρα,

1106 971 1241 1051 Συροκλῆς
1255 978 1420 1059 παρέρρασεν
1433 986 1522 1059 εἰπὼν,

1104 1108 1188 1197 [tor]
1206 1118 1283 1181 Θεοῦ
1300 1118 1336 1183 τὸ
1351 1110 1447 1211 δῶρον
1461 1135 1562 1193 τοῦτο·
1579 1138 1636 1221 χρὴ
1655 1125 1683 1199 d'
1698 1140 1742 1202 ἄρ’
1754 1132 1789 1203 ἂν
1804 1140 1864 1209 θεοὶ

1206 1219 1326 1313 διδῶσι,
1343 1238 1458 1327 φεύγειν
1474 1232 1582 1325 μηδὲν,
1599 1243 1623 1311 ὦ
1641 1250 1756 1335 τέκνον,
1773 1256 1860 1322 ποτέ.

1103 1376 1215 1435 Deinde
1226 1381 1312 1438 etiam
1325 1404 1390 1440 cnm
1406 1387 1519 1463 Pbrgeo
1534 1392 1647 1451 rirlrtnr
1659 1398 1802 1459 Alcmaeon
1822 1404 1865 1461 lo·

1103 1478 1187 1522 cutus
1203 1487 1263 1525 csse
1275 1469 1312 1527 dc
1323 1475 1451 1545 uramuln,
1466 1478 1543 1555 ιγιιυιΙ
1558 1500 1615 1538 nnn
1635 1486 1702 1543 sutis
1716 1488 1864 1551 intellexe-

1104 1552 1150 1609 rit.
1164 1559 1290 1614 l.aetatnr
1301 1558 1396 1617 reditu
1409 1584 1415 1618 :

1103 1673 1143 1725 Ut
1157 1686 1201 1727 ane
1214 1672 1366 1747 depositum
1383 1689 1412 1735 ot
1426 1693 1589 1741 rrroerentem
1605 1691 1707 1748 nuncio
1722 1698 1863 1769 repentino

1102 1828 1242 1887 reddidisti
1256 1849 1287 1887 ac
1301 1850 1344 1890 mo
1357 1838 1478 1895 excitasti
1493 1857 1523 1897 er
1536 1766 1861 1913 tudidcidiaeundnen.

1102 1944 1213 2003 Deinde
1226 1946 1263 2002 de
1277 1950 1403 2021 oraculo,
1417 1954 1495 2029 qarrd
1510 1960 1629 2035 eapronit
1643 1961 1803 2025 Alernaaont

1155 2058 1214 2112 Etsi
1229 2059 1256 2113 iu
1269 2060 1348 2117 ruralis
1360 2062 1499 2135 depositus
1511 2070 1620 2127 animus
1633 2089 1726 2143 rneus;
1741 2094 1803 2149 quae

1277 2137 1352 2197 scibo
1364 2142 1460 2201 exinde
1474 2144 1578 2204 audies.

1101 2250 1264 2325 Respondet
1280 2254 1407 2331 Phegeus
1421 2279 1427 2315 :

1099 2363 1170 2431 Quid
1185 2364 1240 2419 ita?
1254 2374 1345 2423 tranne
1354 2369 1469 2429 obscure
1479 2374 1585 2433 dictum
1595 2388 1647 2445 est,
1664 2390 1753 2440 manre
1770 2386 1861 2445 inuno·

1579 2458 1687 2517 dabile?

1098 2552 1268 2611 Welrlrerus
1280 2557 1425 2633 ingeniose
1439 2572 1471 2617 ut
1491 2564 1564 2618 solet
1584 2568 1707 2626 contulit
1727 2589 1773 2647 ap.
1795 2574 1860 2631 Cle·

1098 2654 1186 2698 mcnt.
1201 2646 1306 2701 Strorn.
1327 2652 1361 2715 V,
1374 2667 1401 2723 p.
1417 2648 1477 2725 639
1488 2669 1601 2725 versus,
1615 2675 1688 2732 unns
1704 2659 1859 2719 Alcanaeuni

1096 2728 1277 2789 attribuerim
1289 2755 1297 2787 ι

1096 2854 1179 2937 [8⁰5]
1194 2853 1257 2921 Καὶ
1274 2857 1327 2922 τὸν
1342 2858 1405 2925 flebo
1424 2872 1561 2929 τοιοῦτον
1576 2859 1774 2959 ἐξεπίσταμαι

1196 2975 1298 3060 σιροῖς
1314 2972 1368 3063 μὲν
1386 2974 1543 3067 αἰνικτῆρα
1560 2979 1714 3070 despuitur
1730 2987 1788 3072 aiei,

1194 3092 1309 3163 σκαιοῖς
1320 3078 1354 3153 δὲ
1361 3090 1534 3179 perillustris
1542 3088 1854 3188 βραχεῑδιδοὶσιιαλον.

1092 3227 1149 3303 (Cf.
1163 3231 1237 3289 Plnt.
1249 3237 1323 3290 lllur.
1337 3253 1366 3309 p.
1380 3235 1447 3304 lod,
1458 3239 1488 3304 F,
1501 3237 1552 3312 qui
1569 3259 1667 3299 versus
1683 3262 1698 3300 a
1712 3257 1740 3303 ct
1756 3249 1772 3304 l
1788 3269 1855 3326 pro·

1093 3316 1168 3394 fert.)
1187 3321 1261 3378 Satis
1273 3321 1457 3399 paerspicnnm
1475 3343 1544 3382 rem
1555 3330 1703 3389 otriculum
1721 3348 1763 3392 est
1776 3340 1853 3416 apud

1092 3403 1263 3464 Athenaeum
1282 3411 1332 3478 vl,
1353 3429 1381 3486 p.
1395 3413 1464 3484 232,
1476 3415 1512 3469 F:

1151 3521 1254 3596 Τιμῆὲν
1270 3526 1300 3598 μ’
1317 3524 1396 3590 circi(
1413 3524 1510 3606 δῶρον,
1525 3529 1621 3604 μανίαν
1634 3533 1794 3596 ἀποπαῦσαι.

1151 3607 1206 3668 Καὶ
1217 3607 1248 3667 σὺ
1263 3611 1348 3692 ρι’ρειν
1362 3616 1455 3690 τιμῆεν
1469 3616 1529 3692 ἐμοὶ
1540 3617 1630 3698 γέρας,
1645 3612 1667 3702 ᾧ
1686 3645 1750 3684 ποτε
1764 3627 1852 3707 μήτηρ

1152 3695 1310 3778 Ἀμριοὶραον
1323 3701 1413 3782 ἔκρυψ’
1426 3703 1476 3762 ὑπὸ
1487 3708 1536 3782 γῆς
1553 3707 1653 3766 αὐτοῖσι
1666 3709 1713 3769 σὺν
1727 3711 1826 3781 ἵπποις.

1089 3811 1174 3881 Quod
1185 3815 1333 3871 oraculum
1347 3836 1520 3894 qtramqnam
1534 3821 1690 3898 Sophocles
1700 3824 1851 3888 obscurius

1089 3897 1225 3972 reddidit,
1240 3913 1334 3959 tamen
1350 3903 1424 3962 faram
1447 3905 1516 3963 satis
1540 3907 1700 3969 increbruit
1722 3913 1750 3970 in
1772 3919 1849 3975 unti-

1085 3985 1211 4064 quitate,
1231 4002 1264 4046 ut
1285 4010 1344 4046 raon
1364 3995 1532 4050 curaveniret
1551 4009 1644 4071 prmtae
1672 4003 1797 4061 acrimini
1820 4007 1848 4062 in

1089 4073 1192 4134 talibus
1208 4076 1331 4135 obscura
1351 4100 1488 4157 qriaerere.
1508 4085 1652 4152 Quocirca
1666 4085 1785 4147 fortasse
1800 4111 1847 4150 re-

1085 4163 1161 4222 ctius
1172 4165 1249 4224 aliud
1264 4169 1412 4226 oraculum
1428 4170 1605 4248 intelligitur,
1619 4194 1679 4252 quo
1701 4177 1846 4238 Alcmaeon

1084 4249 1114 4306 iu
1143 4265 1247 4311 terram
1275 4257 1438 4315 matricidio
1470 4261 1662 4336 posteriorem
1687 4267 1847 4326 concedere

1080 4338 1249 4416 jubebatur.
1266 4348 1339 4402 Tum
1362 4346 1507 4424 Phegeurn
1524 4347 1666 4420 obsecrat,
1689 4365 1720 4409 nt
1740 4356 1846 4415 monile

1084 4428 1196 4506 reddat,
1210 4451 1270 4507 qno
1284 4431 1386 4491 morbo
1402 4433 1540 4493 liberetur

1170 4541 1199 4598 Si
1213 4543 1253 4600 tui
1267 4553 1375 4602 veretur
1387 4554 1415 4602 te
1426 4548 1624 4620 progenitoris,
1636 4553 1714 4607 redo.

1080 4649 1221 4709 Obsecrat
1233 4672 1297 4710 eum
1310 4664 1363 4730 per'
1371 4654 1541 4730 genitorem,
1553 4657 1630 4733 quod
1642 4679 1742 4718 amore
1755 4665 1845 4739 patris

1081 4739 1221 4819 impulsus
1239 4742 1275 4799 ad
1294 4743 1370 4800 illius
1385 4743 1505 4820 injurias
1526 4745 1702 4805 ulciscendas
1722 4763 1843 4828 matrem

1081 4826 1264 4886 interfecerit.
1279 4831 1378 4889 lllonili
1394 4832 1506 4889 reddito
1530 4835 1721 4912 Alplresiboeae
1740 4838 1842 4898 fratres

1080 4915 1266 4977 intervenisse
1281 4919 1424 4990 videntur,
1437 4923 1486 4998 ιμιί
1498 4923 1603 4980 annsso
1624 4923 1673 4982 illo
1688 4926 1842 5002 indiguum-

265 4993 1842 5048 ψ--Ἃ-ῄ-ῇ

299 5125 514 5200 Alpbesibmnm
526 5067 699 5257 φιιιιιΞΞιει
709 5135 755 5206 qui
769 5149 830 5191 eam
840 5141 980 5208 genuit...

265 5267 376 5322 Utinam
383 5243 1023 5351 rectesapientcmteiidernnbonaequemcntis

265 5355 427 5419 eonpoun.

313 5489 366 5546 Dei
378 5488 432 5544 boc
444 5488 550 5546 donum
560 5426 741 5566 estiisiortet
754 5511 815 5553 reru
829 5501 902 5570 qarod
916 5503 954 5558 dii

417 5599 543 5637 arnonis
557 5601 705 5642 ΙΙΜΙΒΠΑ.

1135 5081 1217 5150 dant,
1233 5083 1298 5138 nillil
1314 5098 1434 5156 unquam
1449 5083 1616 5150 detrectare,
1632 5087 1696 5142 lilia.

1078 5266 1113 5320 Et
1124 5262 1205 5321 ἀοιιιιι
1219 5266 1301 5323 talem
1317 5281 1375 5323 esse
1389 5193 1502 5339 coritidii

1026 5357 1034 5368 ·
1076 5343 1245 5414 sapientibus
1258 5342 1369 5417 quidem
1384 5345 1532 5402 obscurum
1546 5362 1651 5418 semper
1666 5349 1783 5406 oraculis

1075 5420 1184 5478 stolidis
1197 5441 1259 5480 vero
1272 5425 1422 5496 siiuplirem
1439 5427 1597 5562 ιυοριειργιιυ
1612 5429 1671 5500 ejus
1683 5427 1758 5501 quod
1772 5439 1835 5488 auto

1512 5523 1528 5578 p
1563 5514 1657 5562 esest.

1646 5610 1676 5655 ²0
