4567 6425
795 674 1005 735 sophoclis
1025 676 1277 747 FRAGMENTA.

253 808 396 885 stephanis
412 806 449 865 ad
471 807 547 865 Noli.
571 808 626 880 εὕρ
647 828 653 862 :
675 806 760 885 [369]
779 804 928 882 Ἀθάμαντα
946 804 1005 875 δὲη

254 896 350 975 λερελη
364 895 439 966 δίκην
454 898 521 973 αὑτῇ
537 894 628 953 δώσειν
641 893 684 951 did
695 893 754 959 τοθς
764 895 859 957 παῖδας
870 892 1007 964 πεποίηκε.

254 983 412 1060 ΙΙροσαχθεὶς
426 975 470 1041 οὖν
485 984 689 1063 στερανηρορῶν
705 984 731 1039 ἐν
743 985 781 1061 τῷ
790 984 873 1061 βωμῷ
887 987 932 1039 τοῦ
947 980 1008 1047 Διὸς

253 1073 451 1151 τραγησόμενος,
468 1072 520 1129 ὑπὸ
537 1070 697 1151 ἹΙρακλέους
707 1070 847 1127 σέσωσται.
866 1070 946 1129 Οὗτοι
958 1068 1008 1150 γὰρ

255 1162 384 1237 Σοροκλῆς
412 1163 439 1217 ἐν
470 1161 586 1240 δράματι
609 1158 847 1237 πεποίηκε’(θίιλ.
876 1160 956 1237 qnod
979 1162 1007 1215 in

254 1249 351 1305 l'lniso
381 1269 418 1305 cx
449 1248 606 1307 Pindaricis
631 1248 748 1305 scholiis
778 1247 1008 1325 exscripsimus).

252 1335 350 1399 Ἀλλως.
372 1335 421 1394 Ἐν
439 1334 582 1412 Ἀθάμαντι
602 1337 765 1417 Σοφοκλέους
780 1334 915 1393 ὑπόκειται
930 1334 1009 1393 Ἀθά·

253 1448 297 1497 ματ
309 1426 525 1504 στεμανηρορῶν,
545 1422 634 1503 ὥσπερ
647 1426 738 1505 ἱερεῖον
756 1425 830 1491 δίκας
850 1422 1007 1504 εἰσπραττό-

252 1535 320 1583 μενος
333 1510 404 1591 παρά
418 1510 527 1591 Φρίξου.
546 1509 655 1577 Ἀλλως.
677 1514 702 1569 Τ
703 1518 763 1570 οῦτο
778 1510 842 1593 πρὸς
861 1512 904 1571 τόν
916 1512 1006 1591 ἕτερον

253 1597 392 1675 Ἀθάμαντα
410 1600 573 1679 Σορυκλέους
593 1598 794 1677 ἀποτεινόμενος
813 1600 893 1679 λέγει.
907 1600 941 1659 Ὁ
956 1600 1007 1681 γάρ

252 1711 287 1744 τοι
306 1690 442 1769 Σοροκλῆς
469 1689 598 1759 πεποίηκε
622 1686 773 1766 ’Ἀθάμαντα
794 1687 1006 1771 ἐστεφανωμένον

252 1779 289 1833 καὶ
302 1778 458 1856 παρεστῶτα
480 1780 519 1857 τῷ
537 1778 620 1856 βωμῷ
635 1781 680 1835 τοῦ
697 1777 758 1845 Διὸς
777 1776 1006 1858 σφαγιασθηοόμε-

252 1886 305 1921 ιον·
322 1864 455 1943 μέλλοντα
473 1864 501 1923 δὲ
519 1865 732 1947 ἀποσφάττεσθαι
756 1868 844 1939 αὐτὸν,
858 1866 1007 1945 παραγενό-

254 1976 321 2010 ιιενον
338 1953 476 2034 Ἡρακλέα
493 1953 537 2012 καλ
552 1960 599 2012 τοῦ
613 1955 725 2013 θανάτου
742 1956 883 2035 ῥυόμενον,
897 1953 1007 2030 λέγοντα

257 2044 283 2105 :a
295 2040 402 2109 σώζοιτο
416 2046 430 2101 ὁ
442 2042 540 2120 Φρίξος
553 2045 585 2100 δι’
605 2042 634 2101 ὃν
653 2042 761 2119 ἔμελλεν
777 2046 872 2109 ἐκεῖνος
885 2043 1006 2114 τεθνήξε-

253 2136 314 2189 σθαι.
329 2130 461 2209 Apostol.
482 2136 567 2199 Xlll,
584 2134 645 2199 46:
670 2132 718 2221 pli,
740 2136 798 2196 θεᾶς
823 2130 957 2213 ἄνθρωπον
973 2136 1007 2197 ὡς

254 2217 368 2294 Ἀθάμας·
389 2218 486 2290 λείπει,
502 2222 570 2278 llos.
597 2220 661 2278 Ἰἰπὶ
687 2225 740 2279 τῶν
764 2220 927 2299 αἱρουμένων
955 2225 1006 2279 τῶν

253 2307 395 2382 κρειττόνων
410 2306 443 2365 tlt
456 2306 537 2377 ἥττω.
551 2308 666 2385 Ἀθάμας
683 2310 712 2366 ἐκ
726 2308 845 2379 Neela<
857 2308 901 2368 δύο
913 2312 1007 2375 παῖδας

253 2394 319 2473 ἴσμεν
333 2395 439 2475 Φρίξον
462 2396 507 2453 καί
520 2396 633 2468 Ἕλλην.
650 2396 735 2477 lipsi<
753 2422 797 2455 ουν
820 2399 868 2465 τὴν
885 2398 1006 2479 Νερέλην

252 2484 303 2539 θεὰν
314 2476 404 2555 οὖσαν,
420 2488 502 2563 θνητῇ
517 2486 620 2559 γυναικὶ
633 2488 721 2563 ἐμίγη.
734 2485 948 2557 Ζηλοτυπήσασα
961 2478 1006 2545 oda

256 2573 380 2654 ξλερέλη
404 2577 511 2645 ἀπέπτη
533 2576 568 2638 εἷς
589 2574 697 2652 οθρανόν
720 2576 765 2631 καὶ
786 2574 834 2645 τὴν
850 2580 896 2632 τοῦ
916 2576 1007 2657 ἀνδρὸς

253 2661 332 2740 μύρον
346 2666 446 2742 αὐχμῷ
464 2662 581 2730 ἐκόλαζε.
605 2663 749 2743 Πέπομρεν
772 2654 816 2720 cdv
839 2663 949 2742 θεωροὺς
971 2668 1007 2731 εἰς

253 2748 395 2808 Ἀπολλωνιι
408 2751 522 2827 ’Ἀθάμας
536 2748 640 2828 ἐρέσθαι
652 2751 711 2831 περὶ
723 2758 769 2810 τοῦ
780 2754 893 2829 αὐχμοῦ.
910 2751 944 2812 ‘ll
962 2744 1006 2811 cilo

255 2859 332 2896 rastas
344 2839 411 2915 γυνὴ
423 2839 535 2896 θέλουσα
544 2837 647 2919 Φρύξον
662 2840 707 2896 καὶ
714 2835 817 2911 Ἕλλην
830 2840 1006 2913 ἀπολωλέναι,

253 2926 349 2985 πέπεικε
364 2928 408 2985 διὰ
422 2924 512 3003 ἀώρων
524 2926 583 2993 τοὺς
597 2926 708 3008 θεωροὺς
722 2930 804 2985 εἰπεῖν
816 2927 957 3003 Ἀθάμαντι
970 2932 1006 2999 ὡς

253 3016 292 3071 οὖν.
302 3014 330 3072 ἀν
344 3016 432 3080 άλλως
449 3014 599 3073 παύσασθαι
616 3016 661 3073 τόν
674 3014 776 3094 αὐγμὸν
789 3014 901 3094 ἔχρησεν
913 3020 931 3088 ἡ
945 3020 1005 3077 Πυ·

253 3106 288 3156 θοι
303 3106 324 3160 εἷ
338 3102 377 3181 μὴ
390 3102 448 3171 τολς
462 3107 508 3173 τῆς
521 3102 641 3181 Νερελης
652 3102 752 3161 θύσειεν
765 3106 868 3185 παῖδας.
883 3104 1006 3173 Ἀκούσας

253 3179 288 3245 οἷν
301 3194 314 3250 l
324 3191 439 3269 Ἀθάμας
449 3188 651 3268 μεταπέμπεται
662 3192 721 3259 τοὺς
733 3195 830 3262 παῖδας
840 3196 870 3252 ἐκ
880 3198 932 3254 τῶν
942 3221 1004 3254 ποι-

252 3281 336 3353 μνίων·
358 3273 395 3346 εἷς
413 3271 458 3338 silv
479 3280 551 3359 κριὸς
570 3282 719 3360 ἀνθρωπίνη
745 3281 909 3362 χρησάμενος
931 3291 1004 3365 φωνῇ

712 3371 718 3392 l

252 3369 311 3446 λέγει
323 3369 421 3449 (Ιιρύξῳ
442 3369 487 3427 καὶ
506 3365 596 3447 Ἕλλη
614 3368 647 3426 tir
662 3393 722 3451 περι
736 3375 782 3442 τῆς
801 3375 911 3450 σραγῆς.
931 3373 1004 3431 Φευ-

251 3457 337 3532 γόντων
351 3449 396 3515 οάν
408 3457 509 3514 τούτοιν
523 3455 590 3532 μετα
609 3463 655 3515 τοῦ
678 3464 751 3537 κριοῦ
767 3463 784 3528 ἡ
803 3456 850 3534 μέν
866 3456 956 3528 ‘lilla
977 3461 1004 3516 έν

251 3549 282 3600 τόν
301 3551 470 3621 περαιοῦσθαι
496 3549 540 3602 τον
563 3549 589 3604 ἐν
612 3544 712 3626 ’tetta
734 3545 851 3624 πορθμὸν
873 3547 1003 3624 ἀπεπνίγη

251 3635 409 3692 ἀποπεσοῦσαι
433 3633 487 3690 ἀπὸ
507 3639 552 3690 τοῦ
572 3639 656 3713 κριοῦ.
676 3631 759 3691 Ὅθεν
774 3634 820 3690 καὶ
840 3634 887 3690 ἀπ’
906 3633 1004 3706 ἐκείνης

251 3718 436 3792 ‘litteraturae
450 3721 585 3790 κέκληται.
603 3719 706 3799 Φρύξος
727 3721 753 3778 δὲ
774 3719 947 3799 ἐποχούμενος
966 3727 1003 3802 τῷ

250 3813 349 3888 κριῷείς
364 3809 411 3880 τὴν
426 3813 479 3866 τῶν
488 3809 600 3886 Κόλχων
615 3812 664 3884 γῆν
681 3807 866 3885 περισώζεται,
883 3807 943 3866 ἔνθα
957 3811 1003 3868 καί

250 3919 286 3952 τον
298 3903 379 3976 κριὸν,
391 3897 417 3963 ὃς
430 3895 481 3954 ὑπὸ
494 3899 546 3953 τῶν
559 3899 624 3953 θεῶν
638 3895 824 3976 χρυσόμαλλος
835 3896 933 3972 γέγονε,
949 3896 1003 3954 θύει

252 3983 357 4062 τιμἈρει
367 3987 385 4056 ἢ
397 3989 436 4064 τῷ
450 3984 539 4062 Ἑρμῇ
552 3984 597 4042 καλ
611 3983 772 4054 κατοικήσας
789 3985 878 4042 αὐτόθι
889 3983 1003 4064 τοῦνομα

251 4075 413 4130 καταλέλοιπε
425 4075 464 4150 τῷ
475 4071 557 4150 τόπῳ·
573 4074 602 4130 ἐκ
613 4069 706 4130 τούτου
716 4073 767 4149 γὰρ
781 4076 799 4142 ἡ
813 4071 921 4148 Φρυγία
935 4072 1003 4130 οὓτω

251 4159 346 4232 ἐκλήθη.
362 4160 510 4236 Ἀθάμαντα
525 4158 551 4217 δὲ
570 4162 587 4228 ἡ
606 4160 710 4238 Νεφέλη
730 4159 803 4229 δίκην
825 4161 892 4238 αὐτῇ
910 4157 1002 4218 δώσειν

250 4247 285 4302 iri
296 4249 352 4316 τοὺς
369 4249 464 4312 παῖδας
477 4247 614 4320 πεποίηκε.
630 4247 796 4328 Προσαχθείς
810 4239 854 4307 uile
868 4271 1001 4328 creasse,-

250 4340 324 4415 ροριῖιν
346 4339 374 4396 ἐν
394 4340 434 4416 τῷ
459 4338 541 4415 βωμῷ
558 4341 603 4393 τοῦ
624 4336 685 4400 Διὸς
705 4336 929 4416 σραγιασόμενος,
951 4337 1002 4395 ὑπὸ

249 4421 399 4502 Ἡρακλέους
421 4423 560 4482 σέσωσται.
575 4423 654 4484 Οὕτω
668 4422 719 4503 γάρ
734 4426 871 4502 Σοροκλῆς
890 4427 917 4481 ἐν
936 4425 1001 4504 ἀροί-

249 4534 305 4582 ματι
314 4515 451 4584 πεποίηκε.
461 4520 535 4572 Rem
550 4513 586 4570 ab
597 4513 660 4571 aliis
675 4533 792 4590 qnoque
809 4513 1001 4591 scriptoribus

250 4599 338 4658 telcrri
354 4604 522 4660 Weleltcrus
541 4601 637 4659 docet.
651 4601 751 4658 Altera
765 4599 882 4677 conjux,
897 4601 1000 4677 inquit,

249 4689 417 4748 Athamantis
433 4690 486 4746 luit
507 4693 559 4746 lno
582 4689 684 4747 Cadmi
704 4689 776 4760 lilia,
796 4709 881 4764 quam
904 4689 1000 4746 Philo·

248 4781 403 4854 suphanns,
419 4779 587 4836 Callimachi
602 4778 736 4856 aequalis,
750 4779 827 4857 apud
849 4779 938 4836 schol.
962 4779 999 4838 ad

249 4867 322 4924 iliad.
336 4873 344 4926 l
349 4874 383 4940 ll,
401 4871 451 4943 tto)
464 4881 530 4924 ante
542 4868 700 4944 Nephelam
722 4866 759 4923 ab
779 4867 951 4925 Athamante
968 4869 999 4925 in

248 4957 451 5014 triatriruonium
477 4955 591 5012 ductam
617 4954 746 5030 duosque
772 4955 879 5012 liberos
909 4961 999 5014 Lear-

248 5043 324 5100 chum
343 5059 370 5101 ct
391 5046 567 5102 hlelicertam
583 5043 740 5120 peperisse,
757 5057 857 5120 postea
873 5063 941 5101 vero
962 5065 998 5102 ex

249 5131 385 5189 vuluntate
408 5133 531 5192 lunonis
554 5131 735 5208 repudiatam
765 5151 826 5187 esse
855 5131 997 5208 perhibet.

247 5224 307 5286 Quo
318 5221 391 5278 lacto
408 5220 568 5296 Nephelam
589 5219 688 5287 duxit,
708 5239 772 5294 quae
787 5231 896 5288 tameo,
909 5239 997 5296 quum

247 5305 374 5366 Athamas
405 5310 545 5365 continno
571 5329 630 5364 rem
665 5305 784 5363 haberet
809 5327 875 5362 com
900 5309 998 5383 priore

246 5411 340 5466 uxore,
355 5397 489 5453 maritum
511 5395 649 5452 desernit.
669 5399 744 5452 Turn
760 5400 812 5451 lno
833 5395 862 5450 in
877 5395 996 5452 domum

245 5479 328 5539 rediit.
349 5481 538 5541 Memorabile
551 5495 594 5537 est
608 5481 737 5538 clirersns
759 5481 909 5556 utriusque
932 5485 995 5540 esi·

1765 704 1823 755 sslll

1062 818 1115 866 tus.
1125 812 1256 889 Nephela
1268 816 1344 875 enirn
1354 818 1486 879 maritum
1500 840 1581 899 'scena
1594 841 1650 881 non
1664 822 1761 895 allicit,
1773 826 1823 883 scil

1061 900 1192 971 Inonem,
1207 922 1294 977 qnam
1308 906 1444 965 Athamas
1459 930 1523 966 cum
1542 910 1654 969 duobus
1669 911 1765 969 liberis
1780 915 1823 969 l'u-

1060 986 1187 1061 gientem
1203 990 1365 1050 interlicere
1381 1009 1455 1065 avet,
1477 998 1685 1076 interfectoque
1696 1002 1824 1059 Learcho

1060 1079 1114 1131 lno
1125 1095 1187 1133 sese
1200 1078 1228 1135 in
1244 1100 1321 1137 mare
1334 1084 1505 1161 praecipitat.
1517 1092 1616 1163 Neque
1628 1089 1681 1145 soli
1693 1091 1841 1170 sterilitas

1060 1164 1221 1242 insequitur
1232 1171 1375 1242 ariditate,
1387 1194 1473 1251 quarn
1489 1177 1618 1251 Ncplrela
1632 1180 1713 1237 terris
1728 1180 1825 1237 immi·

1060 1254 1138 1323 serit,
1151 1254 1200 1311 sed
1215 1258 1292 1334 qood
1312 1264 1365 1317 Ino
1382 1282 1476 1319 semen
1491 1263 1526 1317 ad
1539 1266 1703 1323 excitandas
1715 1280 1825 1344 segetes

1061 1352 1144 1397 terrae
1169 1342 1371 1405 demandatum
1389 1361 1471 1405 antea
1495 1353 1608 1409 torruit.
1630 1354 1757 1411 Arietem
1782 1357 1823 1413 lo-

1060 1442 1195 1505 quentem
1207 1434 1373 1510 Apollonius
1384 1442 1417 1513 (Ι,
1429 1439 1497 1513 257)
1508 1454 1645 1497 mensurat
1659 1455 1686 1499 et
1701 1444 1724 1501 si
1740 1444 1824 1519 hujus

1059 1518 1221 1579 scholiastae
1236 1522 1305 1579 lides
1321 1538 1382 1595 cst,
1400 1530 1563 1597 Hecataerrs;
1586 1529 1710 1606 itemque
1727 1551 1825 1608 gram-

1061 1610 1184 1667 maticus
1204 1610 1240 1668 ad
1263 1612 1340 1669 Pers.
1356 1634 1392 1683 70
1406 1626 1435 1671 et
1450 1614 1485 1671 ad
1506 1617 1687 1692 Apollonium
1703 1634 1769 1679 aruc
1787 1622 1822 1677 li-

1060 1694 1147 1753 brum
1162 1700 1302 1775 primurm
1327 1722 1384 1759 non
1400 1702 1497 1779 igitur,
1513 1717 1545 1761 nt
1561 1705 1686 1775 videtur,
1711 1708 1822 1785 Sopho-

1060 1782 1128 1842 cles.
1147 1786 1292 1865 Neplrelae,
1308 1810 1372 1866 quae
1388 1792 1505 1847 arietem
1519 1814 1610 1849 aureo
1622 1794 1695 1869 pede
1712 1796 1822 1853 iustru-

1060 1883 1138 1929 ctum
1170 1873 1267 1931 liberis
1295 1876 1372 1932 dono
1399 1876 1527 1951 dederit,
1552 1884 1724 1939 mentionem
1756 1884 1822 1941 latit

1060 1961 1264 2019 Eratosthenes
1283 1964 1396 2037 (Catast.
1416 1968 1460 2041 ιη)
1484 1986 1519 2023 es
1538 1970 1665 2027 Hesiodo
1677 1984 1704 2027 et
1718 1970 1822 2029 Phere-

1059 2049 1141 2125 cycle.
1156 2051 1349 2127 Apollodorus
1364 2058 1483 2113 luonem
1498 2072 1592 2115 narrat
1609 2060 1696 2117 totius
1711 2062 1822 2135 generis

1060 2139 1206 2209 matronis,
1224 2142 1448 2219 utaitllygiuus,
1465 2158 1496 2201 ut
1511 2132 1715 2205 scmeu⁸tritiei
1734 2162 1823 2206 torre-

1061 2238 1136 2293 rent,
1152 2228 1319 2304 uunciisque
1328 2230 1363 2285 ad
1375 2228 1522 2287 oraculum
1534 2234 1626 2291 missis
1639 2238 1821 2311 persuasisse,

1062 2325 1092 2368 ut
1113 2313 1211 2371 Phrixi
1231 2315 1320 2393 (quod
1336 2336 1439 2375 nomen
1456 2320 1588 2399 ορρύγειν
1605 2322 1662 2379 sive
1686 2324 1822 2381 torrendo

1061 2400 1220 2459 derivatum
1236 2406 1288 2479 est)
1304 2406 1528 2464 immolationem
1555 2425 1716 2487 poscerent.
1739 2418 1823 2471 llunc

1061 2488 1214 2548 abstulisse
1236 2494 1396 2570 Nepltelam
1425 2508 1588 2553 ontearum
1611 2511 1732 2555 stantem
1757 2520 1821 2557 cnm

1060 2598 1179 2648 source,
1213 2581 1354 2657 arietiqne
1377 2584 1550 2659 imposuisse
1571 2606 1587 2643 a
1611 2588 1754 2645 lllcrcurio
1769 2610 1819 2645 ae-

1061 2679 1156 2744 cepto.
1169 2671 1269 2743 Neque
1283 2668 1328 2725 illa
1346 2689 1439 2745 neque
1455 2670 1594 2729 Athamas
1610 2674 1748 2731 ultionem
1763 2676 1821 2731 exi·

1060 2759 1110 2833 gie
1125 2756 1270 2813 Zenobius
1290 2760 1350 2833 (lv,
1375 2762 1421 2835 38)
1443 2761 1542 2817 loonis
1558 2761 1705 2820 adversam
1728 2765 1820 2822 tunu-

1059 2856 1124 2893 nam
1137 2856 1202 2893 curn
1214 2835 1320 2893 delicto
1330 2839 1480 2915 conjungit
1495 2860 1510 2897 a
1524 2840 1637 2918 diisque
1649 2840 1820 2899 submissum

1058 2924 1196 2981 auxilinm
1210 2940 1315 2982 narrat.
1331 2925 1586 3001 ApudPansaniaur
1602 2931 1735 3005 luppiter
1745 2932 1821 2987 misit

1058 3012 1192 3079 ariete-rm
1216 3012 1292 3087 apnd
1303 3013 1393 3070 schol.
1407 3016 1487 3073 Statii
1498 3016 1543 3073 uel
1557 3016 1703 3093 ΜμιΙιιιςμ·Ι
1721 3024 1780 3075 l'at.
1796 3024 1818 3095 l,

1059 3102 1164 3174 23311,
1186 3101 1341 3175 134‚Juno
1359 3103 1495 3159 Phrixum
1516 3104 1551 3161 ad
1569 3104 1663 3181 lugam
1679 3106 1818 3163 hortatur.

1098 3191 1191 3247 Facile
1205 3203 1327 3268 apparet
1342 3190 1487 3268 quodnam
1511 3192 1656 3272 tragmdiae
1667 3213 1819 3271 argumen-

1058 3293 1117 3336 tum
1143 3281 1238 3336 lnerit.
1257 3281 1394 3336 Athamas
1417 3301 1515 3358 poenas
1533 3294 1576 3338 est
1589 3283 1722 3352 daturus,
1739 3285 1818 3361 ‹prod

1058 3367 1178 3435 liberos,
1192 3389 1265 3446 quus
1280 3369 1413 3426 occidere
1424 3391 1481 3428 non
1500 3372 1637 3448 potuerit,
1657 3373 1684 3428 in
1701 3374 1818 3430 exilium

1058 3457 1294 3534 irecompulcrit.
1319 3458 1449 3516 Ellicitur
1468 3459 1539 3516 illrul
1566 3479 1618 3535 per
1644 3461 1818 3537 Nephelion,

1056 3544 1137 3620 enjus
1161 3545 1286 3622 impulsu
1302 3548 1425 3622 populus
1440 3549 1529 3604 iratus
1548 3559 1588 3604 est
1604 3547 1764 3604 Athmnanti
1780 3549 1819 3605 ob

1056 3633 1233 3702 ariditatem,
1260 3653 1346 3710 quam
1368 3635 1444 3691 illius
1468 3635 1553 3710 culpa
1574 3635 1704 3692 ellectam
1729 3651 1817 3710 putat.

1057 3721 1150 3778 Facile
1173 3719 1220 3777 hic
1258 3723 1407 3778 oraculum
1438 3723 1610 3780 interrenire
1634 3724 1739 3800 potuit.
1776 3727 1817 3780 Arl

1056 3827 1133 3864 aram
1160 3809 1322 3882 adducitur,
1343 3823 1374 3866 nt
1389 3809 1552 3868 immoletur
1573 3831 1627 3888 pro
1643 3811 1746 3880 hostia,
1768 3812 1817 3866 scil

1055 3897 1187 3954 Herculis
1220 3897 1344 3954 adventu
1385 3911 1530 3965 servatur,
1558 3897 1677 3954 sortasse
1716 3897 1816 3955 euclem

1057 3985 1159 4056 modo,
1177 4005 1237 4060 quo
1257 3986 1393 4042 Phrixum
1415 4005 1471 4062 ope
1495 3986 1629 4042 Mercurii
1650 4005 1714 4042 cnm
1737 3999 1817 4062 patre

1056 4073 1270 4130 reconciliatum
1287 4073 1421 4130 vidimus.

1095 4167 1135 4219 Ut
1147 4161 1181 4218 ad
1197 4161 1435 4238 compositionem
1453 4161 1592 4238 tragoediae
1607 4163 1816 4237 petronianum,

1055 4269 1112 4305 non
1148 4248 1339 4324 improbabile
1367 4249 1491 4325 putarim
1527 4248 1639 4306 initium
1675 4251 1816 4324 tragoediae

1055 4357 1070 4391 a
1098 4337 1309 4413 praeparatione
1338 4337 1469 4393 sacrilicii
1507 4357 1568 4393 esse
1595 4348 1721 4413 captum.
1762 4342 1814 4396 Cui

1055 4423 1097 4480 rei
1119 4423 1381 4480 fortasseinterluit
1404 4423 1545 4500 Nephele,
1571 4438 1601 4480 nt
1626 4435 1654 4480 et
1674 4426 1814 4500 populum

1054 4513 1186 4569 incitaret
1209 4523 1237 4568 et
1259 4512 1419 4568 Athamanti
1446 4511 1643 4568 crudelitatem
1663 4512 1690 4568 iu
1708 4511 1816 4574 liberos

1054 4601 1253 4678 exprobraret.
1276 4599 1402 4676 Pupulus
1420 4613 1513 4658 aurem
1534 4601 1561 4658 in
1577 4620 1642 4658 eum
1656 4599 1695 4658 ob
1710 4601 1814 4678 impie-

1055 4702 1154 4754 tatem.
1177 4709 1212 4746 ex
1237 4709 1293 4766 qua
1319 4689 1453 4746 sterilitas
1477 4709 1610 4764 agrorum
1636 4701 1732 4746 secuta
1758 4707 1813 4758 est,

1052 4781 1140 4836 iratus
1156 4779 1218 4835 luit.
1230 4778 1371 4850 Quocirca
1382 4777 1501 4834 chorum
1514 4798 1548 4834 ex
1560 4777 1706 4836 Thebanis
1717 4779 1814 4836 crerlus

1052 4867 1244 4942 compositum
1270 4867 1357 4922 luisse
1379 4867 1485 4922 circum
1505 4885 1582 4923 aram
1606 4865 1760 4938 stantibus,
1783 4885 1813 4924 ut

1052 4956 1125 5014 sacri
1140 4955 1262 5012 sarciendi
1277 4953 1430 5032 participes
1443 4969 1545 5012 essent.
1561 4954 1700 5014 Sacerdos
1711 4956 1828 5014 fucrit-.

1052 5067 1088 5102 ne
1102 5044 1242 5102 admissus
1256 5063 1291 5100 an
1305 5044 1379 5100 inter
1394 5061 1529 5118 personas
1545 5055 1636 5099 unitas
1651 5042 1738 5099 luerit
1755 5043 1811 5100 cln-

1051 5133 1136 5191 bitari
1149 5144 1252 5208 potest.
1275 5135 1306 5186 ln
1326 5131 1405 5186 exitu
1422 5131 1558 5188 Hercules
1573 5131 1743 5202 interuenit,
1760 5134 1809 5208 qui

1051 5221 1251 5278 Atlrauurntem
1267 5217 1303 5274 ab
1318 5217 1434 5275 interitu
1450 5217 1582 5272 serravit.

1090 5311 1259 5380 Fragmenta
1275 5305 1429 5381 perexigua
1452 5315 1518 5358 sunt
1537 5321 1632 5378 neque
1651 5303 1809 5380 quidquam

1050 5392 1170 5451 subsidii
1183 5392 1320 5462 afferunt,
1334 5411 1392 5470 qno
1407 5389 1541 5465 tragoedia
1554 5389 1686 5448 subtilius
1699 5395 1808 5472 perspi·

1050 5483 1151 5539 ciatur¹
1165 5479 1288 5555 Hesych.
1303 5478 1404 5556 :[s70]
1414 5505 1425 5530 ι
1435 5477 1580 5558 intime,-
1593 5483 1607 5538 θ
1621 5481 1705 5557 ἐγγυς,
1719 5482 1807 5564 Q*
