4567 6425
466 676 523 726 350

465 804 539 857 Tum
554 799 703 857 consolaus
714 799 834 884 aliquis,
852 799 967 873 siquod
987 812 1030 857 est
1045 798 1123 877 apud
1137 797 1217 859 Stob.

465 890 567 957 CVIII,
579 888 625 957 51,
639 887 696 943 huc
714 887 896 945 referendum
911 900 964 955 est,
977 888 1033 946 ait:

465 1008 548 1088 [568]
557 1005 695 1097 Στέργειν
707 997 741 1069 di
749 1005 941 1071 τᾶκπεσόντα
949 1004 1105 1071 ariddelon
1114 1004 1219 1093 πρέπει

468 1163 479 1200 ,
554 1119 642 1209 σορὸν
660 1112 818 1203 trudeneis,
833 1116 912 1185 ἀλλὰ
927 1123 967 1209 μὴ
984 1122 1094 1184 στένειν
1112 1117 1218 1206 τύχην.

465 1242 614 1317 (Alterum
627 1264 739 1302 versum
752 1245 814 1302 sine
827 1248 942 1303 nomine
956 1258 1047 1322 poetae
1061 1246 1145 1302 alIert
1159 1248 1221 1303 lle-

465 1331 546 1405 sych.
564 1353 591 1388 r.
603 1330 763 1407 liudonis.)
773 1337 906 1391 Fortasse
917 1334 1002 1391 etiam
1016 1332 1094 1390 aliud
1105 1333 1221 1390 incertae

466 1418 609 1496 tragoediae
622 1420 810 1497 fragmentum
825 1421 903 1498 apud
913 1421 997 1479 Stoh.
1009 1424 1147 1491 XCVIII,
1163 1422 1199 1486 46
1212 1464 1220 1490 ,

465 1507 546 1565 chori
555 1520 609 1584 est,
625 1508 674 1584 qui
686 1508 734 1566 illa
743 1508 881 1567 sententia
890 1508 1029 1566 conclusit
1040 1506 1222 1585 aagoediam:

466 1644 546 1722 [569]
563 1642 639 1706 Ζώοι
656 1666 702 1716 τις
719 1640 881 1730 ἀνθρώπων
897 1640 932 1704 τὸ
948 1640 1017 1703 κατ’
1037 1634 1118 1727 ἦμαρ
1139 1639 1221 1712 ὅπως

469 1744 579 1827 ἥδιστα
597 1754 761 1844 πορσύνων,
778 1754 815 1819 τὸ
834 1743 864 1817 d’
884 1754 912 1829 ἐς
930 1755 1029 1841 αὔριον
1046 1752 1092 1815 ἀεὶ
1108 1752 1220 1837 τυφλὸν

1127 1866 1220 1955 ἕρπει.

770 2009 881 2025 un*-

590 2114 771 2201 VARIA
804 2112 1099 2201 HISTORIA.

781 2277 902 2336 IXION.

506 2409 601 2467 Schol.
614 2407 707 2483 Apoll.
721 2406 757 2463 ad
770 2412 879 2483 Argon.
891 2412 949 2480 IV,
966 2418 998 2474 ι4
1014 2430 1021 2463 :
1035 2410 1115 2489 Παρὰ
1127 2409 1224 2489 chidra

467 2498 602 2576 Σοροιιλῆς
613 2498 640 2553 ἐν
654 2494 738 2563 Ἰξίονι
749 2495 831 2573 [570]
844 2522 856 2547 ι
868 2494 950 2573 δι’ψιον
961 2524 973 2547 ν
986 2496 1050 2570 φησὶ
1063 2498 1094 2556 τὸ
1109 2498 1224 2575 §estep-

467 2582 553 2661 μένον.
575 2584 629 2644 Kal
651 2582 787 2660 Ὅμηρος,
808 2582 967 2663 Πολυδίψιον
989 2582 1082 2661 Ἄργος
1099 2584 1223 2660 ἱκοίμην·

466 2671 592 2739 πολλάκις
611 2672 800 2749 βιὸλαμμένον.
817 2678 957 2730 Praeterea
977 2673 1049 2731 nihil
1068 2674 1105 2731 de
1122 2675 1225 2732 Ixione

467 2760 606 2835 tragoedia
618 2760 695 2836 apud
710 2770 822 2817 veteres
840 2760 991 2837 reperitur.
1010 2764 1117 2837 Itaque·
1128 2762 1224 2819 Welo·

436 2852 440 2859 “
466 2848 552 2904 herus
565 2846 715 2924 Sophoclis
727 2866 831 2904 nomen
843 2868 908 2904 cum
929 2847 1057 2923 AEscbyli
1074 2861 1222 2923 permuta-

468 2948 528 2993 tum
542 2955 604 2992 esse
615 2935 776 3011 suspicatus
790 2947 843 2991 est.

793 3089 899 3105 ι*-

750 3177 942 3241 SISYPIIUS.

506 3310 677 3384 Hesychius:
686 3312 782 3386 Ζεῦγος
790 3308 959 3387 τριπᾶρθινιν
971 3330 977 3344 ·
990 3310 1134 3388 Εὐριπίδης
1146 3310 1225 3388 Ἐρι-

466 3403 539 3477 χθιῖ·
550 3398 597 3455 xal
611 3397 867 3476 Σοροιιλῆς·Σισύρῳ
884 3397 966 3474 [511]
980 3398 1122 3478 «Χαρίτων
1135 3399 1226 3480 τριζύ-

468 3510 531 3562 γων.
543 3487 649 3545 νΝιιΙΙπ
662 3487 717 3544 alia
725 3487 811 3564 hujus
822 3487 969 3564 tragoediae
976 3491 1115 3548 memoria
1125 3503 1225 3548 exstat.

468 3575 541 3632 Vide
553 3574 681 3650 AEsclryli
697 3574 865 3650 Sisyphum.

757 3716 941 3741 ..ψ-

737 3815 959 3876 Munuaunn.

507 3942 573 3996 Non
588 3938 657 3995 satis
670 3949 794 4009 constat,
806 3939 952 4014 quodnam
969 3940 1056 3997 fuerit
1073 3960 1228 4016 argumen-

470 4040 530 4082 tum
549 4020 710 4100 tragirdiae,
727 4045 791 4102 quae
806 4028 945 4103 inscripta
965 4028 1019 4085 luit
1033 4031 1148 4088 nomine
1163 4036 1228 4089 Me-

470 4113 568 4187 leagri.
587 4117 689 4190 Neque
714 4113 789 4171 enim
815 4113 953 4174 credibile
977 4130 1021 4173 est
1047 4119 1227 4178 venationem

470 4199 656 4274 Calydoniam
677 4201 850 4278 descriptam
868 4222 930 4260 esse
950 4223 966 4260 a
982 4217 1085 4280 poeta,
1104 4205 1134 4262 id
1150 4209 1227 4284 quod

473 4290 579 4345 sacuam
598 4303 640 4346 est
659 4287 697 4345 ab
717 4290 872 4365 Euripide,
893 4311 987 4366 neque
1005 4313 1131 4371 pugnam
1155 4295 1231 4352 inter

471 4376 583 4433 AEtolos
592 4389 622 4434 et
632 4377 751 4435 Curetes
765 4378 869 4450 solam,
882 4399 977 4456 neque
991 4381 1061 4438 illud
1076 4402 1229 4460 argumen-

475 4474 534 4518 tum
555 4463 697 4538 tragoedIae
720 4463 822 4538 luisse,
840 4466 919 4541 quod
938 4470 1084 4527 memoriae
1098 4472 1231 4548 Hyginus

472 4549 608 4622 Fab.17!.
626 4551 753 4627 prodidit
764 4563 813 4610 aut
833 4554 1029 4629 Apollodorus
1050 4561 1079 4629 t,
1092 4559 1129 4630 8,
1147 4561 1229 4616 ι-3.

473 4641 567 4695 Locus
578 4638 696 4713 insignis
705 4651 758 4709 est,
770 4640 872 4716 quoad
885 4643 1007 4701 certiora
1019 4645 1230 4720 perveniamus,

473 4725 550 4802 apud
573 4726 696 4782 PlInium
708 4731 864 4795 XXXVII,
883 4748 911 4800 a,
935 4751 965 4786 ιι
982 4755 989 4788 :
1004 4735 1119 4801 «Super
1130 4753 1230 4792 omnes

473 4826 516 4869 est
533 4813 708 4892 Sophocles,
733 4815 856 4892 tragicus
883 4831 981 4893 poeta,
997 4819 1076 4896 quod
1096 4821 1230 4897 equidem

475 4902 573 4974 miror,
589 4915 666 4959 tanta
678 4904 818 4978 gravitate
827 4904 964 4963 cothurni
978 4921 1007 4965 et
1018 4920 1155 4984 praeterea
1167 4911 1232 4970 vite

475 4987 558 5061 sama,
572 4989 641 5048 alias
655 4991 786 5068 principe
799 4991 863 5049 loco
876 4993 987 5069 genitus
1001 4995 1131 5072 Athenis,
1144 4998 1231 5056 rebus

1010 658 1215 721 soruocms
1237 657 1482 719 emensum.
1565 620 1569 629 ’

1270 792 1374 867 gestis,
1385 795 1512 853 exercitu
1531 794 1627 853 ducto.
1642 794 1695 853 llic
1709 796 1783 853 altra
1797 796 1906 855 Indiam
1917 798 2011 873 (sucei-

1270 880 1350 957 ιιιιιιι]
1370 882 1428 939 lieri
1449 882 1522 939 dixit
1538 904 1554 939 e
1568 883 1692 940 lacrimis
1710 884 1915 959 Meleagridum
1928 888 2009 945 avium

1271 969 1441 1045 Meleagrum
1459 968 1633 1026 deflentium.
1650 969 1736 1041 Quod
1752 983 1780 1029 et
1791 970 1944 1029 credidisse
1956 996 2010 1032 eu·

1272 1054 1316 1111 vel
1328 1076 1455 1131 sperasse
1466 1055 1528 1114 aliis
1540 1056 1705 1133 persuaderi
1717 1076 1801 1132 posse
1810 1058 1937 1133 quisnun
1947 1064 2011 1119 mim

1272 1145 1333 1198 tur?
1355 1162 1478 1218 quamve
1497 1144 1649 1220 pueritiam
1674 1156 1731 1201 tam
1757 1144 1919 1221 imperitam
1941 1168 2011 1224 posse

1271 1230 1400 1305 reperiri,
1414 1250 1477 1305 quae
1493 1231 1587 1288 avium
1606 1232 1733 1307 ploratus
1747 1252 1858 1289 auaruos
1877 1236 2011 1294 credatla·

1271 1317 1410 1375 crimasve
1422 1331 1477 1375 tam
1490 1318 1610 1394 grandes
1621 1338 1768 1395 avesquee
1780 1322 1899 1391 Gracia,
1911 1322 1955 1379 ubi
1963 1330 2011 1379 Me·

1271 1404 1465 1481 leagerperiit,
1474 1408 1617 1481 ploratum
1630 1407 1686 1463 isse
1696 1408 1725 1463 in
1735 1406 1844 1463 Indos?
1855 1408 1929 1482 Quid
1940 1413 2014 1485 ergol

1272 1510 1330 1547 non
1342 1494 1431 1549 multa
1444 1512 1524 1568 aeque
1538 1491 1667 1559 sabulosa
1680 1493 1806 1571 produnt
1825 1500 1956 1570 poetaeia
1971 1510 2012 1551 etc.

1272 1579 1304 1637 si
1327 1578 1375 1635 hic
1398 1577 1477 1636 locus
1492 1600 1527 1636 ex
1540 1580 1676 1656 tragoedia
1690 1582 1828 1657 repetitus
1839 1593 1891 1652 est,
1903 1584 2013 1641 dubitari

1273 1685 1334 1723 non
1343 1678 1436 1745 potest
1447 1666 1517 1743 quin
1528 1686 1606 1723 mors
1620 1668 1753 1744 Meleagri
1762 1680 1791 1724 et
1803 1688 1933 1725 soromm
1947 1671 2016 1727 fletus

1273 1764 1301 1809 et
1321 1754 1472 1815 conversio
1484 1753 1515 1813 iu
1529 1774 1597 1811 ares
1612 1755 1641 1811 in
1659 1754 1794 1830 tragaedia
1813 1770 1964 1813 memorata
1980 1760 2015 1813 sit.

1273 1842 1410 1897 Praeterea
1422 1840 1775 1901 chorusexsacerdotibus
1785 1844 1958 1919 compositus
1967 1864 2017 1900 esse

1273 1926 1390 1997 dicitur,
1403 1939 1433 1983 ut
1447 1939 1489 1983 est
1499 1927 1578 2003 apud
1589 1928 1680 1987 schol.
1690 1927 1726 1985 ad
1738 1933 1822 1987 Hom.
1836 1930 1914 1987 Iliad.
1926 1932 1944 2001 l,
1956 1934 2017 2000 575:

1274 2012 1356 2090 [572]
1372 2011 1412 2070 ὅτι
1432 2014 1545 2071 ἐντεῦθεν
1566 2015 1705 2093 Σοφοκλῆς
1723 2015 1749 2075 lu
1765 2020 1803 2095 τῷ
1823 2014 1963 2097 Μελεάγρῳ
1981 2042 2017 2075 aar

1274 2101 1351 2181 χορὸν
1361 2100 1413 2157 ἀπὸ
1422 2102 1473 2157 τῶν
1482 2098 1571 2180 ἱερέων
1583 2099 1743 2179 παρήγαγεν.
1754 2108 1792 2163 Bt
1801 2103 1873 2163 alius
1884 2104 2017 2161 scholiastr

1275 2189 1412 2259 chorum,
1429 2189 1478 2263 qui
1494 2204 1534 2245 cst
1548 2188 1577 2245 in
1591 2189 1706 2273 OEdipo
1721 2210 1807 2267 rege,
1821 2206 1969 2271 comparat.
1984 2196 2017 2249 Ει

1276 2276 1319 2333 lris
1342 2276 1496 2335 concludas
1520 2276 1639 2333 chorum
1668 2277 1864 2335 introductum
1888 2281 2017 2357 Meleagro

1278 2366 1372 2423 rtrultis
1387 2364 1520 2443 precibus
1534 2367 1757 2444 supplicantium
1771 2382 1809 2427 ¹et
1821 2370 1849 2425 in
1862 2368 1938 2426 urbis
1950 2370 2019 2429 ohsi-

1276 2454 1360 2511 dione
1371 2456 1509 2513 auxilium
1521 2458 1688 2533 petentium.
1699 2462 1771 2529 Quae
1785 2471 1878 2515 autem
1890 2458 1924 2516 de
1933 2460 2019 2515 titirrue

1277 2540 1328 2599 illu
1347 2544 1439 2615 fatali,
1454 2543 1490 2600 de
1511 2562 1570 2619 quo
1582 2544 1639 2600 vita
1656 2544 1793 2621 Meleagri
1803 2546 1972 2623 pependerit,
1988 2546 2018 2601 ab

1277 2630 1383 2687 Ouidio
1395 2631 1514 2707 aliisque
1527 2630 1717 2708 scriptoribus
1728 2646 1900 2705 narrantur,
1917 2652 2019 2710 prorsus

1278 2715 1430 2793 rejicienda
1443 2730 1518 2775 sunt.
1537 2714 1647 2776 Fabula
1668 2718 1743 2775 enim
1763 2719 1813 2776 illa
1833 2734 1956 2778 constare
1970 2742 2017 2775 riou

1278 2816 1381 2881 potest,
1394 2804 1448 2862 nisi
1465 2806 1559 2864 statim
1579 2806 1727 2863 venatione
1740 2820 1857 2882 peracta
1871 2808 1928 2885 apri
1944 2808 2018 2880 Caly-

1279 2891 1358 2949 donii
1369 2905 1462 2949 cutem
1473 2892 1613 2967 areuager
1621 2894 1759 2949 Atalanta
1770 2892 1897 2965 donarit,
1907 2914 2018 2951 amaru·

1279 2978 1331 3045 los,
1346 2982 1394 3056 qui
1408 2980 1449 3037 illi
1467 3001 1528 3038 eam
1541 2980 1716 3052 ademerunt,
1728 2981 1882 3054 interfecit,
1896 2996 1975 3041 mater
1986 2984 2017 3039 li·

1279 3066 1348 3122 lium
1369 3068 1471 3124 titione
1485 3067 1514 3125 ln
1531 3068 1626 3143 ignem
1646 3069 1780 3144 conjecto
1800 3069 1946 3127 interemit
1961 3074 2015 3125 llar

1280 3171 1348 3210 vero
1368 3174 1423 3210 non
1446 3155 1623 3233 procedunt,
1638 3156 1661 3213 si
1674 3175 1825 3236 comparas
1846 3177 1906 3234 quae
1917 3169 1976 3215 sunt
1993 3158 2015 3211 in

1280 3241 1444 3318 fragmentis
1456 3255 1578 3301 servata.
1597 3248 1815 3321 Peropportune
1837 3245 1931 3304 accidit
1949 3245 2015 3320 qaod

1280 3329 1327 3386 illa
1359 3330 1454 3386 onmia
1488 3329 1698 3406 antiquioribus
1727 3333 1909 3408 scriptoribus
1932 3333 2015 3407 ignota

1281 3420 1366 3477 luisse
1377 3419 1520 3490 videntur,
1532 3439 1565 3477 ac
1579 3421 1676 3478 nescio
1691 3441 1726 3476 an
1740 3435 1830 3479 totum
1845 3435 2014 3478 crimmenmm

1280 3507 1438 3566 adscribam
1465 3507 1605 3586 Euripidi.
1630 3509 1778 3586 Egregium
1795 3511 1861 3568 huic
1879 3511 1917 3568 rei
1935 3511 2014 3566 lurein

1281 3593 1386 3654 alludit
1401 3595 1546 3654 Diodorus
1560 3597 1670 3654 Siculus
1682 3601 1722 3654 IV
1725 3639 1732 3664 ,
1746 3599 1794 3668 34,
1806 3600 1854 3674 qui
1864 3618 2015 3676 quamquam

1281 3697 1432 3761 utramque
1456 3681 1579 3740 fabulam
1600 3697 1755 3754 memorat,
1783 3699 1871 3743 tamen
1891 3687 2015 3762 potiorem

1281 3791 1341 3828 esse
1353 3772 1429 3828 illam
1443 3771 1492 3842 ait,
1498 3775 1557 3847 qud
1569 3773 1712 3848 Meleager
1722 3773 1843 3829 Furiisa
1854 3785 1933 3829 ntatre
1943 3771 2016 3828 iaso·

1282 3859 1352 3916 catis
1362 3859 1510 3916 iuterierit.
1522 3857 1641 3918 Accedit
1650 3859 1727 3934 qaod
1737 3861 1895 3917 sacerdotes
1905 3861 1928 3916 in
1936 3859 2016 3915 thorn

1281 3945 1391 4002 inducti
1405 3961 1490 4022 sunt,
1506 3944 1659 4022 aquibus,
1673 3959 1705 4002 ut
1716 3959 1759 4004 cst
1772 3949 1848 4024 apud
1863 3953 2014 4009 Homerum,

1282 4053 1341 4090 non
1355 4045 1546 4108 permovetur.
1559 4037 1661 4103 Recte,
1672 4054 1737 4091 nam
1749 4037 1800 4112 qui
1814 4035 1900 4094 Furiis
1911 4033 2014 4090 deintus

1283 4121 1351 4186 luit,
1369 4119 1419 4196 qul
1438 4121 1569 4178 mortales
1581 4120 1681 4178 audire
1693 4123 1806 4197 potuit?

1321 4211 1464 4286 Meleager
1473 4209 1559 4286 igitur
1569 4209 1681 4266 videtur
1693 4230 1709 4266 a
1722 4224 1806 4286 poeta
1814 4209 2014 4284 talisdescriptus

1284 4317 1361 4366 esse,
1384 4297 1433 4373 qai
1453 4297 1547 4354 animo
1565 4308 1675 4353 tantum
1696 4296 1844 4373 indulgens
1857 4317 1903 4352 sao
1917 4315 1952 4351 res
1965 4295 2004 4348 hu-

1285 4395 1590 4442 mmmscontemnerct.
1603 4389 1662 4442 Suo
1678 4383 1794 4442 demum
1815 4383 1930 4462 periculo
1943 4399 2010 4436 com-

1286 4484 1430 4541 movetur,
1445 4483 1477 4528 ut
1488 4469 1559 4528 urbe
1571 4484 1736 4549 oppugnata
1757 4473 1865 4530 hostem
1883 4469 2011 4548 prodigum

1284 4571 1312 4616 at
1326 4559 1402 4634 ipse,
1421 4577 1506 4634 quem
1531 4559 1657 4616 mortalis
1674 4579 1760 4616 nemo
1773 4579 1902 4638 superare
1921 4555 2011 4634 patuit.

1285 4649 1440 4722 pertinacia
1452 4667 1502 4704 sua
1514 4647 1653 4705 Instinctu
1665 4650 1817 4707 Furiarum
1827 4650 1902 4726 perit.
1913 4651 2011 4705 lim

1285 4735 1339 4791 luit
1363 4736 1438 4791 iuter
1460 4733 1519 4792 haec
1538 4737 1691 4794 memorari
1718 4739 1890 4794 venationem
1908 4731 2010 4806 Calydo-

1285 4823 1379 4890 niam,
1396 4836 1426 4879 at
1439 4834 1615 4898 spectatores
1627 4824 1749 4893 scirent,
1767 4823 1906 4902 quomodo
1924 4823 2009 4878 lacrum

1285 4921 1358 4967 esset
1370 4923 1401 4966 ut
1416 4910 1508 4968 Furias
1520 4911 1695 4987 Meleagrum
1707 4921 1940 4988 persequerentur.
1950 4903 2011 4962 adr·

1286 5017 1341 5072 qun
1353 5017 1471 5074 prorsus
1481 4999 1660 5074 ignorantur.
1671 4999 1762 5058 Facile
1771 5011 1861 5056 autem
1870 4991 2012 5065 intelligitur

823 5186 885 5236 568.

474 5264 639 5321 (bammum
653 5281 712 5322 esse
725 5267 758 5323 iis
770 5283 832 5340 quaa
843 5267 992 5324 exciderint
1006 5277 1034 5324 et
1046 5278 1119 5326 reete

800 5361 963 5420 componere
977 5346 1057 5404 decet

420 5511 427 5524 .
477 5429 626 5500 sapientem
637 5433 790 5501 aleatorem,
801 5442 829 5490 at
840 5451 895 5490 non
905 5435 1047 5492 lamentari
1057 5435 1178 5493 ionuna.

1630 5193 1692 5244 569.

1284 5274 1365 5328 Vivat
1377 5275 1474 5346 aliquis
1488 5275 1628 5332 homiuum
1643 5274 1716 5346 quod
1733 5273 1792 5330 dles
1806 5271 1894 5330 alluat
1906 5281 1971 5340 quau

1284 5353 1443 5411 suavissime
1457 5371 1489 5410 eo
1510 5353 1677 5420 delectatus3
1690 5349 1763 5425 quad
1775 5369 1834 5410 cras
1852 5351 1911 5418 erit,
1922 5355 2005 5402 aarum

1635 5441 1861 5514 semperareta.
