4567 6425
469 663 521 715 202

467 785 575 843 neillud
589 784 703 861 quidem
715 796 793 839 eerto
803 794 923 851 corruat,
934 780 1151 855 conjunxeritue
1165 792 1220 834 tres

466 873 526 927 illas
542 870 689 945 trago-dias
701 870 850 943 disclrylus
866 868 1025 945 eodemque
1042 886 1139 922 (artures
1155 879 1222 922 tem·

467 978 536 1033 pore
561 957 699 1013 docuerit.
723 956 832 1013 Deinde
857 956 921 1033 quis
944 956 973 1011 in
998 966 1074 1011 tauta
1094 954 1221 1009 omnium

467 1072 560 1109 rernm
576 1053 759 1127 ambiguitate
770 1052 873 1108 dixerit
884 1070 959 1127 ,quo
970 1049 1109 1125 tragoediae
1121 1047 1222 1104 ordme

465 1160 495 1194 se
512 1141 699 1216 exceperint?
719 1140 874 1195 llernmtmi
897 1138 1012 1215 quidem
1035 1150 1062 1193 et
1078 1137 1222 1192 Welckeri

466 1228 611 1303 sententiae
627 1246 744 1303 prorsus
759 1226 788 1281 in
805 1225 916 1282 diversa
930 1224 1036 1281 abeam
1049 1222 1162 1297 sibique
1174 1243 1221 1279 re·

467 1326 610 1389 pugnant,
628 1313 670 1369 uti
683 1314 782 1369 solent.

505 1400 650 1477 ngoedia
672 1420 735 1475 quae
756 1398 842 1457 bodie
855 1411 961 1469 exstat,
983 1418 1126 1475 (pronique
1143 1402 1221 1475 Sup-

467 1491 553 1565 pliees
579 1490 730 1561 AEschylus
756 1486 913 1561 inscripsit,
937 1486 1078 1561 ejusmodi
1104 1500 1164 1558 est,
1192 1499 1223 1541 nt

467 1579 546 1633 lircile
559 1596 594 1631 ex
608 1596 637 1631 se
653 1576 826 1650 intelligatur
840 1594 932 1651 neque
945 1573 1099 1650 quidquam
1114 1573 1223 1630 deside-

467 1680 543 1718 retur
558 1662 635 1738 qirtul
658 1662 694 1719 sit
717 1660 874 1735 ejusmodi,
896 1673 928 1716 ut
949 1661 1032 1717 aliam
1056 1660 1221 1736 tragoediam

467 1750 641 1826 praecessisse
670 1768 787 1825 prorsus
815 1748 1003 1805 necessarium
1033 1748 1077 1802 sit.
1112 1746 1222 1817 Quodsi

465 1837 529 1911 quis
547 1856 612 1892 emn
630 1836 780 1893 Welokero
803 1833 878 1890 dicat
893 1835 947 1891 alia
967 1832 1119 1909 tragoedia,
1136 1852 1221 1909 quam

397 1910 403 1923 ’
466 1925 614 2000 AEgyptins
630 1923 714 1979 luisse
731 1924 961 1998 rult,qnamqoe
975 1920 1151 1996 praecessisse
1163 1920 1221 1987 ait,

467 2015 541 2071 rixas
556 2014 646 2069 Danai
660 2032 724 2069 cum
740 2017 865 2087 AEgypto
879 2011 1018 2087 hujusque
1029 2010 1108 2079 liliis,
1119 2008 1222 2065 deinde

466 2100 706 2156 abominationem
722 2098 900 2174 nuptiarum,
913 2117 983 2173 qum
998 2096 1139 2153 Danaides
1147 2089 1221 2151 'lior-

467 2189 591 2255 ruerint,
607 2199 752 2263 postremo
768 2185 862 2261 sugam
882 2186 1036 2261 explicatas
1051 2202 1130 2253 esse,
1148 2202 1220 2243 cou-

466 2276 548 2331 cedat
571 2294 685 2331 necesse
705 2286 747 2329 cst
767 2272 878 2329 easdem
895 2292 938 2328 res
959 2271 1043 2328 etiam
1063 2272 1089 2327 in
1105 2271 1223 2348 Suppli-

465 2360 741 2436 eibnsexponi.Tam
751 2360 919 2416 moltaenim
931 2361 959 2417 in
968 2360 1048 2416 initio
1056 2361 1222 2435 Supplicem

467 2448 545 2503 vario
576 2446 661 2502 ιιιιιιΙο
680 2459 841 2515 narrantur,
870 2458 901 2503 nt
919 2458 1054 2523 appareat
1073 2447 1221 2503 eonsilium

467 2547 557 2607 pnetae
572 2534 656 2588 foisse
666 2545 731 2589 ante
743 2546 821 2607 gesta
830 2551 983 2608 exponere,
991 2545 1104 2609 quent
1115 2534 1222 2609 reliqna

467 2633 542 2675 reete
559 2620 675 2696 intelligi
697 2632 829 2697 possent,
857 2632 922 2676 ante
945 2620 1112 2696 exponenda
1131 2632 1221 2677 erant.

469 2711 501 2761 tlt
516 2708 685 2763 econtrario
700 2708 722 2763 si
734 2706 798 2783 quis
812 2707 953 2785 existimet
964 2704 1148 2783 Supplicibns
1162 2728 1223 2763 suc·

465 2794 581 2850 cessisse
605 2793 744 2850 Danaides
761 2792 841 2849 nullo
866 2794 936 2849 alius
963 2794 1106 2869 tragoediae
1130 2794 1223 2848 iuter-

468 2894 569 2953 rentu,
585 2882 710 2938 dubitari
727 2902 784 2937 nou
808 2894 901 2957 potest
922 2882 990 2957 quin
1009 2881 1115 2957 aliquid
1132 2880 1219 2948 desit,

465 2969 544 3044 quiid
578 2969 614 3025 ad
652 2968 878 3045 componendam
913 2968 1075 3042 tragoedlarn
1108 2968 1223 3025 mirilico

465 3056 629 3131 adaptatum
645 3056 712 3123 snit,
737 3069 878 3111 certamen
892 3056 1013 3112 liliorum
1028 3056 1143 3130 AEgypti
1158 3076 1223 3111 cum

468 3144 578 3218 Argivis
603 3155 631 3199 et
655 3143 775 3199 victoria
798 3144 1007 3220 AEgyptiorum.
1031 3148 1224 3219 Nomionem

466 3230 621 3287 credideris
651 3243 793 3286 certamen
817 3243 845 3287 et
870 3231 983 3308 nuptias
1007 3249 1063 3286 una
1088 3231 1223 3306 tragoedia

466 3317 609 3393 expositus
623 3337 683 3373 esse
699 3337 714 3374 a
730 3330 825 3394 poeta.

507 3403 613 3461 Fabula
631 3423 714 3478 vero,
737 3424 792 3480 qua
813 3427 857 3461 res
885 3405 1041 3460 Danaidum
1063 3418 1223 3477 narrantur,

469 3491 529 3564 ipsa
541 3491 569 3546 io
581 3504 636 3547 tres
654 3503 748 3566 partes
766 3491 847 3548 streile
865 3490 1002 3547 dividitur
1014 3513 1020 3546 :
1034 3493 1062 3547 in
1079 3493 1172 3566 lugam
1189 3513 1224 3549 ex

468 3583 592 3654 AEgypto
603 3591 632 3633 et
642 3578 796 3634 adventum
809 3579 835 3634 in
847 3579 985 3634 Graeciam
997 3585 1097 3656 Argoo
1112 3580 1225 3655 nuptias

467 3688 495 3728 et
506 3674 610 3730 caedem
625 3675 746 3730 liliorum
766 3675 894 3750 AEgypti3
906 3672 1046 3748 judicium
1063 3686 1091 3728 et
1105 3673 1223 3730 obsolu-

469 3761 574 3817 tionem
600 3767 842 3836 Hypermncstrae.
866 3765 928 3817 Non
946 3772 1057 3816 constat
1079 3761 1225 3835 ιμιιιιιιοιΙο

471 3849 617 3923 AEseliylus
630 3861 828 3923 argumentum
844 3848 983 3915 tractarit,
996 3860 1088 3902 utrum
1100 3847 1225 3922 priorem

468 3939 571 3998 lnbulae
586 3954 694 4016 partem
712 3949 799 4016 Argen
818 3961 853 3996 an
876 3940 904 3996 in
924 3943 1076 4013 AEgyptom
1096 3951 1223 3994 transtu-

470 4027 540 4098 lerit.
560 4031 630 4085 Sunt
643 4040 734 4084 tamen
747 4047 837 4094 eatrsae
852 4027 1023 4102 gravissimae
1032 4067 1040 4092 ,
1058 4044 1109 4080 ern·
1129 4026 1223 4082 credi·

469 4113 524 4171 bile
535 4116 572 4171 sit
585 4126 696 4190 poetam
713 4126 799 4170 totam
815 4133 872 4168 rem
888 4113 970 4188 Argis
986 4113 1081 4186 potins
1097 4131 1183 4186 ιιιιιιιιι
1195 4113 1224 4168 in

468 4205 592 4278 AEgypto
606 4202 651 4276 agi
664 4201 796 4257 voluisse.
812 4201 935 4257 Prinmm
950 4197 1044 4256 sabula
1056 4208 1224 4274 Argivorum

387 4338 390 4355 ,
470 4289 523 4345 luit
536 4290 672 4365 propria,
686 4287 790 4346 deiude
801 4287 949 4364 Supplices
962 4286 1048 4342 unrlta
1062 4286 1222 4353 continent,

468 4397 533 4452 qnae
549 4378 572 4434 si
587 4377 640 4434 alia
659 4377 795 4452 tragoedia
814 4373 990 4450 praecedente
1009 4375 1137 4450 exposita
1154 4375 1224 4430 luis-

468 4477 548 4532 sent,
563 4484 615 4542 pro
628 4465 721 4521 inutili
740 4463 911 4539 repetitione
929 4459 1058 4518 habenda
1072 4474 1165 4517 essent
1178 4463 1225 4538 (cl.

469 4570 505 4607 ιν
528 4560 554 4622 a,
576 4553 637 4622 17¹3,
652 4553 707 4606 328
718 4549 753 4606 ad
766 4551 843 4620 332),
858 4569 950 4625 neque
962 4561 1022 4604 arte
1033 4560 1125 4634 poetae
1139 4547 1223 4624 digna

470 4637 604 4714 tragoedia
632 4637 785 4693 rideretur.
817 4643 856 4691 dc
887 4636 983 4690 nescio
1006 4655 1042 4690 ιιιι
1067 4635 1128 4690 rixa
1151 4636 1224 4692 inter

470 4731 623 4803 AEgyptum
639 4737 667 4780 et
680 4731 810 4782 Danaum
833 4724 965 4797 tragicam
986 4720 1148 4796 dignitatem
1169 4741 1223 4779 nou

469 4811 615 4881 babuerit,
642 4832 706 4888 quae
726 4823 768 4867 cst
791 4809 949 4885 ejusmodi,
973 4821 1004 4862 ut
1021 4810 1092 4884 luga
1112 4827 1224 4866 causam

469 4900 583 4975 quidem
600 4899 739 4977 explicet,
761 4899 827 4954 atsi
851 4908 937 4951 totam
958 4895 1080 4950 sabulum
1098 4909 1225 4972 spectes,

469 4988 543 5044 inter
557 5007 600 5042 res
618 4986 798 5042 secundarius
820 4985 895 5040 illam
916 4981 1090 5039 referendam
1112 4983 1224 5038 dixeris.

470 5070 585 5131 Acce'dit
599 5073 675 5148 quod
698 5073 745 5129 illa
760 5091 857 5148 regom
878 5070 1023 5126 contentio
1040 5070 1132 5144 primo
1151 5074 1226 5147 Sup-

470 5161 574 5238 plicom
587 5161 710 5217 carmine
721 5162 787 5217 satis
799 5159 914 5236 copiose
924 5158 1085 5234 exponitur,
1096 5178 1155 5232 ιμιο
1165 5179 1224 5214 nra-

445 5297 457 5322 ,
470 5249 573 5306 nilesto
587 5249 751 5323 intelligitur
764 5269 818 5304 non
835 5247 861 5303 id
874 5248 958 5303 fnisse
969 5257 1057 5323 poetae
1068 5246 1225 5316 consilium,

470 5350 502 5392 ut
533 5336 621 5392 rixam
649 5356 775 5391 seorsum
806 5348 959 5412 imponeret
991 5335 1113 5409 satisque
1140 5355 1226 5410 grare

471 5434 644 5483 momentum
666 5424 752 5479 totius
775 5423 898 5480 lristoria
918 5423 1050 5493 duceret,
1071 5423 1148 5501 ‹prod
1165 5436 1222 5478 tra-

1021 640 1194 709 AE'st'ttt'rx
1215 649 1459 711 FRAGMENTA.

1266 780 1356 853 gordia
1374 783 1538 858 explicaret.
1552 784 1657 841 Bellum
1669 784 1783 860 quidem
1796 786 1878 844 multi
1885 798 1999 841 auctores
2071 819 2072 826 ι

1264 881 1373 944 gestum
1392 869 1527 927 referunt.
1547 875 1644 947 Neque
1660 872 1867 947 apollodorum
1885 873 1926 928 rel
1943 874 1999 928 Ori·
2071 891 2072 912 t

1265 956 1343 1014 dium
1364 956 1581 1029 advocaverim,
1595 979 1716 1033 quorum
1738 971 1857 1035 uterque
1868 958 1932 1015 belli
1944 960 1999 1033 gesti

1265 1049 1436 1105 mentionem
1470 1048 1543 1105 lacit.
1571 1056 1612 1105 Ac
1635 1060 1729 1124 potest
1745 1050 1893 1124 [Eselrylus
1913 1050 1998 1115 citari,

1265 1136 1314 1212 qui
1329 1156 1486 1210 praeconem
1500 1136 1565 1192 lacit
1578 1137 1753 1193 minitantem
1766 1136 1880 1213 πολιμσι
1890 1140 2000 1214 «lpida

1264 1222 1328 1279 νέον.
1341 1223 1397 1279 Sed
1411 1224 1434 1278 si
1450 1223 1556 1281 bellum
1574 1237 1685 1299 gestrun
1702 1226 1757 1284 luit
1777 1238 1828 1280 aut
1843 1226 1903 1281 rixa
1923 1226 1999 1281 solnm

1264 1321 1344 1375 orta,
1365 1329 1423 1385 quo
1441 1310 1534 1365 nunus
1554 1308 1695 1365 Danaides
1710 1311 1738 1367 in
1761 1330 1875 1367 manum
1896 1311 1999 1365 tiliorum

1255 1397 1382 1471 AEgypti
1400 1398 1539 1465 renircnt,
1556 1417 1649 1471 praeco
1672 1399 1699 1453 iu
1720 1398 1903 1473 Supplicibus
1922 1396 2001 1453 dicem

1266 1505 1322 1541 non
1335 1488 1428 1561 potuit
1439 1508 1469 1542 se
1480 1499 1607 1561 repetere
1620 1488 1732 1555 antisse,
1746 1489 1855 1565 quippe
1867 1508 1926 1563 qua·
1940 1508 2001 1542 ιιιιιι-

1265 1594 1359 1649 quam,
1369 1575 1397 1631 in
1410 1576 1643 1652 AEgyptiadarum
1665 1589 1806 1653 potestate
1822 1578 1940 1633 luerunt.
1957 1581 2001 1631 lta·
2071 1627 2072 1636 ,

1265 1682 1320 1737 que
1336 1660 1405 1719 illud
1421 1661 1475 1720 νέον
1491 1684 1549 1719 ιιοιι
1564 1663 1796 1740 aequiparandum
1816 1678 1858 1721 est
1879 1664 1937 1720 rud
1951 1662 2002 1717 to'-
2071 1669 2072 1744 J

1265 1769 1354 1827 τερον,
1374 1750 1422 1805 sed
1436 1748 1540 1807 bellum
1556 1771 1662 1806 novum
1678 1752 1751 1807 iuter
1764 1752 1818 1807 alia
1834 1750 1918 1807 multa
1928 1750 2002 1817 bella,
2071 1747 2072 1762 ¹

1265 1855 1329 1911 qnae
1348 1835 1410 1893 aliis
1431 1838 1467 1893 de
1488 1859 1581 1894 causis
1605 1850 1683 1913 gesta
1713 1838 1845 1909 luerunt,
1870 1838 2002 1912 signifieat.

1265 1927 1346 1979 Certe
1359 1944 1415 1980 ιιοιι
1436 1925 1489 1982 snit
1502 1925 1684 1981 commodum
1700 1936 1756 1981 tam
1769 1925 1870 1981 rriultas
1881 1944 1924 1980 res
1937 1944 2004 1976 con·

1267 2011 1318 2064 tari
1332 2011 1360 2065 in
1376 2024 1517 2084 postrema
1534 2012 1652 2085 trilngiae
1665 2012 1813 2087 tragedia.

1305 2102 1363 2157 Cur
1376 2101 1498 2176 lugerint
1513 2103 1667 2167 Danaides,
1688 2104 1755 2159 satis
1773 2114 1892 2159 constat.
1912 2101 2004 2158 llolue-

1267 2200 1332 2243 rnut
1352 2190 1424 2246 inire
1449 2190 1563 2265 nuptias
1587 2190 1748 2264 illegitimas
1770 2190 1850 2246 nullo
1878 2188 2004 2244 corrnobio

1262 2275 1393 2352 junctas,
1404 2274 1501 2353 γάμους
1507 2278 1541 2348 ριί
1552 2276 1719 2355 θηρασίμους.
1733 2277 1889 2346 Danaides,
1900 2282 2005 2341 Grata,

1265 2364 1430 2439 eonjugium
1444 2385 1500 2421 non
1517 2365 1683 2443 repudiant,
1705 2368 1842 2421 Venerem
1860 2364 1952 2419 colunt
1962 2383 1969 2426 ;
1981 2362 2005 2416 iu

1266 2471 1365 2507 mmms
1379 2464 1471 2508 mrtem
1487 2453 1694 2527 .Equrtiortrm,
1707 2451 1905 2521 barbarorum,
1915 2450 2005 2525 quibos

1267 2541 1373 2611 npllum
1385 2556 1426 2598 est
1438 2541 1629 2608 connubium,
1644 2543 1742 2599 venire
1756 2542 1867 2597 nolunt.
1881 2540 2007 2615 conjuges

1266 2650 1326 2686 csse
1338 2630 1454 2701 volunt,
1466 2650 1624 2686 nnnservae
1637 2630 1818 2686 dominorum
1829 2630 1936 2686 libidini
1952 2628 2006 2685 sub

1263 2716 1354 2792 jectae.
1382 2724 1481 2795 Itaque
1514 2724 1656 2776 lunonem
1683 2731 1787 2794 praeter
1821 2732 1926 2774 ceteras
1951 2716 2007 2771 deso
2071 2735 2072 2738 ¹

1267 2806 1371 2863 colunt.
1390 2811 1451 2862 lam
1467 2818 1604 2881 apparet,
1620 2827 1678 2882 quo
1697 2818 1780 2881 pacto
1801 2802 1905 2862 larcuno
1926 2806 1960 2861 sit
1982 2818 2006 2855 nt

1268 2899 1508 2969 llypermnestra,
1522 2914 1585 2968 quae
1599 2894 1726 2949 onmium
1743 2913 1799 2949 una
1814 2894 1944 2948 maritum
1961 2912 2008 2946 ιιοιι

1267 2980 1415 3052 occiderit,
1439 2982 1467 3037 in
1487 2980 1628 3054 judicium
1653 2994 1685 3036 ut
1707 3002 1753 3036 rea
1770 2982 1868 3037 venari
1888 2981 2009 3055 qmtuerit.

1250 3069 1402 3143 ·.lligras·it
1428 3068 1475 3124 illa
1501 3068 1578 3143 leges
1602 3074 1775 3125 Graecorum.
1801 3066 2009 3124 Corulenmarnla

1267 3156 1353 3229 igitur
1375 3156 1410 3211 iis
1436 3154 1505 3230 suit,
1527 3173 1651 3231 quorum
1673 3176 1750 3213 curae
1778 3154 1936 3233 respublica
1957 3169 2008 3209 eran

1267 3243 1446 3300 demamlato.
1459 3251 1591 3300 Attamen
1603 3244 1626 3300 si
1642 3245 1760 3300 violavit
1778 3243 1853 3319 leges
1870 3245 2010 3303 humanas.

1267 3351 1324 3386 non
1346 3331 1412 3387 item
1434 3330 1564 3387 instituta
1585 3331 1695 3403 diviua,
1707 3352 1771 3407 qua·
1787 3331 1882 3406 potins
1900 3329 2010 3384 servarit

1268 3418 1415 3493 tenuitque
1435 3418 1564 3474 humanis
1586 3416 1695 3492 legibus
1710 3419 1828 3474 violatis.
1846 3421 1951 3472 Verum
1962 3417 2012 3471 lure

1267 3525 1355 3580 quum
1368 3505 1405 3561 ab
1424 3505 1589 3562 bominibus
1605 3504 1728 3580 judicari
1743 3525 1800 3560 non
1817 3516 1947 3580 possent,
1964 3507 2012 3554 ιι·-

1269 3597 1342 3650 neris
1365 3595 1541 3651 interventus
1556 3595 1608 3651 luit
1630 3595 1818 3657 necessarios,
1832 3615 1892 3670 qun
1909 3596 2011 3666 llrper·

1269 3693 1391 3737 mnestra
1418 3679 1527 3738 absolvi
1558 3693 1663 3756 posset.
1690 3685 1798 3737 Cetera
1830 3679 1966 3736 Danaides
1989 3679 2011 3730 io

1265 3768 1405 3844 judicium
1430 3770 1526 3824 venire
1551 3788 1608 3823 non
1637 3780 1815 3844 potuerunt,
1838 3767 1908 3843 quia
1934 3765 2013 3843 patris

1270 3856 1418 3931 praeceptis
1435 3853 1568 3911 obnoxiae
1583 3856 1658 3930 leges
1673 3855 1818 3911 homiuum
1838 3853 2014 3910 observarant

1268 3941 1484 4017 coluerantque3
1504 3954 1532 3996 at
1552 3941 1617 4018 quia
1633 3942 1727 3997 diviua
1744 3942 1871 3997 instituta
1891 3943 2015 4016 neglexe-

1271 4050 1351 4107 runt,
1365 4022 1473 4111 expiari
1484 4057 1531 4090 eas
1545 4036 1673 4111 oportuit
1689 4055 1705 4091 a
1718 4034 1847 4091 Minerva
1860 4048 1888 4091 et
1910 4039 2015 4090 lllercn·

1269 4126 1321 4182 rio.
1336 4126 1363 4180 Si
1379 4136 1473 4178 tndem
1487 4122 1616 4179 absoluta
1631 4123 1684 4179 luit
1697 4127 1918 4198 Hypermnestra
1934 4129 2017 4179 Vene-

1270 4213 1308 4268 ris
1319 4213 1493 4280 interventu,
1506 4231 1556 4266 sua
1572 4223 1675 4284 sponte
1687 4209 1869 4287 sequebatur,
1883 4223 1915 4266 ut
1926 4225 2019 4268 cetera

1269 4299 1410 4355 Danaides
1426 4317 1461 4353 ex
1475 4297 1578 4353 divinis
1598 4297 1723 4372 legibus,
1739 4319 1797 4354 non
1819 4319 1854 4354 ex
1873 4297 2019 4354 humanis.

1270 4384 1437 4442 damnandae
1458 4396 1559 4440 essent.
1581 4388 1682 4459 ltaque
1705 4405 1761 4440 non
1793 4383 1963 4442 incredibile
1984 4398 2021 4439 est

1272 4478 1535 4548 llypermnestram,
1562 4483 1713 4545 postquam
1732 4471 1844 4546 judiees
1864 4491 1928 4528 eam
1956 4490 2022 4525 con-

1271 4563 1454 4629 denmamnt,
1478 4579 1494 4616 a
1517 4563 1630 4614 Venere
1650 4557 1759 4634 judicio
1784 4579 1845 4614 csse
1867 4557 2021 4614 liberatam.

1269 4653 1338 4720 Qoae
1359 4647 1502 4724 disputari
1516 4646 1539 4703 si
1551 4657 1617 4701 sunt
1630 4644 1782 4721 ejusmodi,
1799 4656 1829 4698 nt
1844 4644 1952 4721 aliquid
1970 4663 2022 4698 reri

1270 4735 1433 4790 contineant
1444 4777 1452 4802 ,
1464 4733 1523 4808 jam
1539 4733 1724 4807 consequitur
1744 4733 1893 4807 Supplices
1906 4750 2022 4808 praem—

1270 4824 1338 4878 sisse
1348 4823 1493 4898 Egyptios
1503 4864 1511 4888 ,
1522 4820 1722 4894 Danaidesqne
1736 4833 1911 4894 postremam
1924 4817 2024 4874 eonsti-

1271 4909 1355 4965 tuisse
1370 4908 1543 4984 uugoediam.
1566 4906 1659 4984 Atque
1672 4907 1733 4982 ipse
1750 4907 1918 4962 Welckerus
1938 4923 2025 4980 nuper

1272 4997 1358 5052 rcrbo
1380 4996 1532 5066 iudicavit,
1557 4995 1707 5070 Supplices
1738 5015 1794 5048 ιιιιιι
1821 4995 2026 5069 potuissemus

1270 5086 1392 5159 primum
1421 5085 1448 5139 in
1473 5082 1585 5157 trilogia
1610 5082 1703 5138 loeom
1726 5080 1866 5138 obtinere.
1890 5092 1962 5140 Acta
1989 5091 2027 5136 est

1271 5170 1440 5247 olympiadis
1453 5173 1583 5228 LXXIX
1599 5189 1675 5225 aurio
1691 5173 1716 5226 3.

1600 5270 1698 5287 *1.-0

1564 5325 1734 5382 AEllll’Tll.

1244 5376 1250 5492 l
1310 5428 1351 5479 Es
1369 5422 1506 5498 AEgyptiis
1522 5418 1657 5495 tragoedia
1671 5419 1742 5475 nibil
1754 5427 1899 5474 serratum
1908 5429 1964 5489 cst,
1977 5437 2027 5472 no·
