4567 6425
452 762 508 813 822
606 700 612 708 ‘
993 742 1202 805 soeuoctts
1223 740 1471 827 FRAGMENTA.

450 896 522 940 stam
544 877 668 938 Platonis
683 898 711 956 p.
727 878 784 954 393
802 900 809 936 ι
825 876 893 936 Αὐτὸ
917 876 1007 945 destas·
1027 876 1160 957 pipam
1181 872 1209 932 δὲ

455 975 498 1041 tiit
509 966 651 1048 παροιμίαι
664 969 800 1047 Σοφοκλῆς
813 967 839 1024 ἓν
853 964 985 1044 Λημνίαις
998 965 1093 1033 οὕτως·

452 1113 534 1195 [³82]
550 1107 636 1197 Ταχὺ
644 1096 1086 1198 θ’αὐτὸθείξειτούργονὼςέγὼ
1093 1114 1208 1195 σαφῶς.

450 1248 517 1303 Non
532 1241 604 1299 male
615 1258 681 1308 eum
692 1240 737 1298 his
760 1243 904 1312 convenit,
917 1241 995 1316 qnod
1008 1252 1052 1298 est
1063 1239 1140 1318 apud
1155 1242 1210 1297 He·

451 1331 583 1407 sychinm
595 1350 603 1385 :
617 1354 629 1378 ι
637 1325 815 1405 ᾶξύμύλητον,
824 1355 836 1379 ν
849 1328 964 1406 θμηδινὶ
973 1330 1092 1386 ἀπαντᾶν
1101 1324 1209 1386 δυνατὸν

451 1416 667 1489 ἣᾶσυνᾶντητον.
687 1418 822 1497 Σοφοκλῆς
843 1416 989 1493 Λημνίαις,
1008 1429 1040 1475 et
1058 1416 1136 1495 apud
1157 1420 1211 1475 Eu·

452 1503 587 1562 stathium
602 1521 631 1579 p.
654 1503 737 1573 1405,
751 1504 808 1561 58:

394 1612 398 1618 ’
450 1629 532 1711 [88³]
549 1614 697 1701 Λπλατσν
713 1614 1122 1721 ἀξύμύλητονθὶιθρῑθοῖμηο·

451 1763 510 1841 (sic
536 1769 681 1845 Berginius.
707 1766 870 1845 Legebntur
892 1764 1062 1844 ’Λιιλαστον.)
1088 1764 1212 1823 Mittitur

452 1853 528 1910 enim
540 1872 597 1911 una
614 1856 644 1914 in
661 1875 860 1935 pugnamque
872 1855 949 1915 inter
965 1873 1065 1913 omnes
1077 1853 1210 1911 emineat.

453 1942 586 1999 Fortasse
597 1943 700 2014 etiam,
716 1942 746 1999 id
759 1942 837 2018 qood
852 1942 1043 2019 fragmentum
1054 1939 1133 2018 quod
1145 1952 1212 1999 ante

454 2027 577 2102 positam
588 2041 649 2098 est,
662 2030 723 2108 ipsa
735 2030 909 2107 Hypsipyle,
921 2047 1045 2105 quacum
1059 2027 1158 2085 nutrix
1181 2026 1212 2085 in

453 2111 529 2171 hanc
542 2116 660 2174 modum
677 2118 826 2193 loquatur,
841 2117 886 2174 his
900 2114 997 2175 verbis
1013 2115 1211 2194 compellatur.

453 2207 613 2275 Antequam
637 2221 733 2279 pugna
760 2203 823 2278 ipsa
843 2202 951 2275 initur,
978 2202 1042 2261 loca
1063 2214 1096 2259 ut
1120 2201 1213 2262 ferant

453 2286 591 2343 anaxilium
614 2290 794 2347 invocantur.
827 2290 962 2366 Stephao.
989 2294 1056 2365 Byr.
1076 2310 1084 2345 ι
1108 2289 1212 2370 Χρύση,

452 2377 469 2441 ἡ
494 2373 568 2438 πολις
591 2380 637 2431 τοῦ
657 2374 818 2441 ’Λπολλωνος
840 2375 915 2454 ἐγγὺς
936 2375 1055 2454 Λήμνου.
1076 2380 1212 2458 Σοφοκλῆς

453 2462 597 2537 Λημνίαις·

454 2592 536 2679 [ιιι]
549 2570 580 2660 θ
593 2600 696 2686 Λῆμνι
707 2597 829 2686 Χρύσης
841 2605 869 2662 τ’
879 2597 1093 2691 ἀγχιτέρμονες
1104 2596 1211 2690 πάγοι.

454 2732 553 2808 Pugna
573 2732 763 2791 committitur
780 2754 833 2813 per
855 2736 991 2813 majorem
1014 2724 1124 2813 partem
1145 2734 1212 2807 diei,

373 2840 376 2845 ·
474 2839 546 2895 etque
556 2820 636 2877 linita
645 2833 690 2879 est
699 2822 772 2879 coeio
778 2822 840 2898 jans
851 2836 1076 2900 vesperascente.
1089 2824 1213 2899 Etymoi.

457 2912 492 2964 ti.
501 2927 529 2984 p.
544 2910 591 2979 26,
606 2910 656 2966 16:
666 2906 756 2981 Ἄθως,
766 2910 927 2990 ἀκρωτήριον
937 2906 1212 2991 Ophias-'Qubbe'

457 3042 541 3125 [³85]
558 3024 644 3121 Λθως
661 3038 772 3123 roda
789 3054 873 3111 νῶτα
885 3046 1021 3135 Λημνίας
1037 3044 1118 3131 βούς·

456 3175 481 3233 ἰν
494 3176 546 3256 γὰρ
560 3177 661 3257 Λήμνῳ
675 3181 735 3257 βοῦς
750 3180 838 3258 χαλκῆ
851 3177 969 3260 ἵδρυται,
988 3180 1030 3262 ip'
1040 3182 1073 3253 ἦν
1082 3185 1129 3240 τοῦ
1145 3175 1214 3241 'ito

454 3263 516 3322 aad
530 3267 629 3345 φθάνιι.
643 3267 709 3342 (atii
725 3269 895 3345 scriptores,
912 3283 944 3325 ιιι
958 3269 1147 3338 Plutarchus,
1170 3269 1215 3326 ci-

455 3352 504 3408 tati
517 3371 533 3409 a
546 3354 684 3411 Piersono
695 3353 730 3412 ad
744 3355 858 3413 Morio.
869 3375 898 3433 p.
907 3357 974 3428 267,
986 3370 1015 3412 et
1027 3355 1142 3413 liuhai.
1158 3359 1211 3432 Ep.

454 3435 519 3494 crit.
532 3456 560 3512 p.
576 3458 640 3512 197,
653 3458 706 3514 pro
719 3438 819 3507 σκιύζιι
835 3439 942 3499 habent
952 3441 1063 3521 achilei
1076 3443 1120 3500 vel
1133 3440 1215 3500 καλύ-

454 3545 535 3597 πτει,
556 3537 584 3582 et
597 3523 658 3590 ἁλός
675 3545 730 3603 pro
745 3525 825 3603 poda.)
853 3528 965 3587 Chorus
984 3542 1097 3587 noctem
1113 3551 1215 3608 super

454 3613 554 3670 venire
566 3624 659 3689 optat,
673 3626 706 3670 ιιι
729 3614 826 3672 omnia
839 3629 1060 3693 componantur.
1073 3619 1214 3694 Hesycb.:

455 3697 731 3778 [3861αύσάλπικτον
744 3697 850 3779 ὥρανμ
864 3701 894 3760 τὸ
908 3702 1088 3779 μισονύκτιον·
1102 3703 1214 3786 troipas

455 3784 506 3865 γθρ
522 3788 569 3845 καὶ
585 3786 680 3866 ’ὄρθρου
699 3785 847 3856 enutritos.
863 3791 932 3870 Σορ.
951 3791 1092 3868 Λημνίαις.
1115 3794 1213 3852 Choro

454 3873 511 3932 hnc
521 3875 704 3934 tribuendum
711 3874 836 3946 videtur,
844 3877 911 3954 quia
919 3899 1020 3938 vocem
1030 3894 1135 3958 quarto
1146 3900 1214 3939 casn

455 3964 580 4040 positam
602 3983 619 4022 a
640 3963 785 4041 Sophocle
807 3964 948 4044 integram
978 3970 1127 4046 repetitam
1152 3988 1214 4026 esse

455 4050 608 4128 probabile
631 4063 690 4122 est,
712 4063 800 4128 sique
816 4052 871 4112 hac
884 4055 996 4114 ratione
1009 4057 1142 4116 trimetro
1157 4077 1214 4115 non

455 4137 531 4197 bene
545 4140 689 4198 convenit.
701 4138 824 4215 Reliqua
836 4140 1048 4202 desiderantur.

785 4295 895 4312 -ο-

576 4395 742 4458 Pffluuus
766 4399 812 4459 ΕΤ
831 4397 1101 4458 TYMPANISTAE

496 4538 576 4593 lnter
593 4538 744 4612 tragoedias
758 4539 908 4617 Sophoclis
929 4539 1054 4596 Phineus
1065 4540 1175 4616 primus
1186 4553 1216 4597 et

459 4621 600 4680 secundus
626 4643 643 4681 a
665 4625 857 4700 grammaticis
889 4640 1149 4699 commemoratur,
1183 4640 1215 4684 nt

458 4707 598 4768 incertum
615 4711 653 4769 sit
674 4711 775 4770 duaene
796 4711 882 4789 hujus
898 4715 1022 4773 nominis
1034 4714 1136 4772 fabulae
1156 4715 1217 4772 ύιιο-

458 4795 516 4851 rint
529 4816 566 4854 an
576 4798 701 4857 Phineus
710 4799 852 4858 secundus
862 4801 933 4858 nihil
945 4802 1000 4860 nisi
1013 4802 1113 4860 Phinei
1129 4803 1215 4880 primi

459 4902 533 4942 nova
550 4889 687 4945 recensio.
701 4887 819 4946 Accedit
834 4887 915 4964 quod
928 4888 1095 4947 Welcierus
1110 4889 1216 4965 aliique

460 4971 639 5032 affirmarunt
650 4976 863 5054 Tympanistas,
884 4995 949 5053 quae
964 4989 1140 5035 memoratur
1155 4989 1214 5034 tra-

460 5059 553 5134 goedia
576 5062 741 5140 Sophoclis,
769 5082 833 5121 cum
861 5063 972 5122 Phineo
998 5062 1216 5141 conjungendos

810 5235 872 5286 882.

463 5313 1218 5390 Celeriterrerofaetaipsantegoperspicusostendent.

465 5487 727 5559 Quamuemoadire
735 5505 823 5562 aeque
832 5505 957 5564 superare
965 5491 1085 5565 possitta
1093 5487 1231 5549 educavi(

1261 888 1338 939 esse3
1355 883 1440 947 atque
1458 867 1525 925 inde
1536 866 1740 945 concluserunt
1754 890 1837 927 onam
1852 866 1991 947 tragud'un

1261 955 1354 1015 tribus
1365 955 1530 1013 nominibus
1540 957 1633 1013 citari.
1648 958 1833 1015 Grammatici
1843 958 1901 1015 haec
1908 974 1994 1015 memo

1261 1045 1311 1101 riae
1323 1042 1520 1123 prodiderunt.
1537 1044 1632 1101 Schol.
1642 1048 1726 1101 Hom.
1739 1044 1795 1104 Od.
1805 1049 1847 1117 bi,
1858 1046 1910 1121 69:
1920 1042 1995 1119 Ἔχαι

1261 1128 1311 1209 γὰρ
1326 1128 1444 1207 (Φινεὺς)
1458 1130 1553 1193 παῖδας
1565 1130 1596 1187 ix
1615 1129 1784 1209 Κλεοπάτρας
1798 1133 1844 1199 ιη”ς
1859 1128 1949 1211 Βορέου
1962 1128 1998 1185 rai

1263 1216 1393 1295 ὶπιγημας
1408 1216 1539 1296 Εὖρντίαν
1556 1215 1660 1275 δίδωσιν
1680 1216 1772 1282 αὐτοὺς
1790 1220 1822 1294 τῇ
1840 1225 1947 1297 μητριιᾶΙ
1957 1218 1999 1273 ta·
2073 1250 2074 1279 ι

1263 1302 1403 1374 marinae
1418 1304 1483 1382 πρὸς
1496 1303 1636 1385 ἀναίρεσιν.
1652 1303 1716 1371 Ζεὺς
1735 1304 1762 1363 ii
1779 1302 1928 1383 χαλεπήνας
1943 1304 2000 1378 tim

1263 1394 1334 1471 αύτῷ
1345 1390 1452 1472 πότερον
1466 1390 1587 1469 βούλεται
1599 1393 1735 1450 ἀποθανεῖν
1750 1388 1768 1463 ἢ
1784 1391 1879 1469 τνηλθς
1890 1390 2000 1468 mirina

1263 1478 1298 1541 ‘0
1312 1479 1339 1539 dl
1352 1482 1497 1560 ἀναιρεῖται
1509 1479 1546 1560 μὴ
1557 1484 1618 1563 δρᾶν
1632 1480 1675 1539 τὸν
1689 1480 1771 1551 ἥλιον.
1781 1478 1968 1557 'dimna-risse
1980 1481 1999 1537 ii

1263 1564 1388 1634 ὁἭλιος
1408 1566 1533 1649 ’Λριιιιύας
1550 1566 1693 1645 lucripetes
1711 1570 1793 1645 αὐτῷ,
1812 1565 1904 1633 αἵτινες
1928 1564 2000 1623 alma

1265 1650 1357 1729 μύλλοι
1369 1652 1460 1712 ἐσθίειν
1474 1654 1507 1711 τὰ
1524 1651 1651 1734 βρώματα
1663 1656 1742 1713 αὐτοῦ
1756 1653 1910 1733 aarum
1921 1652 2001 1729 igtu-

1264 1746 1356 1801 λουσαι
1374 1742 1469 1823 φθοράν
1489 1766 1556 1801 τινα.
1578 1740 1632 1802 Kal
1654 1738 1721 1799 οὕτω
1741 1739 1837 1806 Φινιθς
1858 1742 1999 1819 ἐτιμωρεῖτο.

1264 1829 1360 1889 Schol.
1381 1832 1478 1906 Apoll.
1497 1834 1535 1899 11,
1559 1832 1637 1902 178:
1658 1828 1740 1907 [387]
1758 1826 1901 1905 Ἐιτηρύιθη
1922 1826 1947 1884 ii
1964 1824 2000 1889 tlt

1264 1914 1334 1996 ὄψοις
1344 1919 1358 1975 ὁ
1367 1914 1464 1983 Φινεύς
1473 1916 1541 1974 >card
1555 1916 1601 1991 μὲν
1613 1915 1694 1980 ἐνίους
1709 1914 1760 1973 ὑπὸ
1770 1920 1816 1973 τοῦ
1826 1914 1915 1975 Ἡλίω
1931 1912 2000 1972 isici

1264 2001 1344 2061 πολθν
1355 2002 1446 2081 χρόνον
1458 2005 1566 2073 αἰτῆσαι
1578 2004 1677 2081 μᾶλλον
1689 2005 1735 2073 ζῆν
1746 2002 1764 2075 ἣ
1775 2000 1897 2081 βλέπειν·
1910 2002 1968 2061 κατὰ
1977 2000 1999 2057 ii

1265 2090 1394 2157 ύνύουςὸτι
1406 2090 1577 2151 fridolinum
1584 2092 1690 2171 Πιρσιῑ.
1706 2090 1890 2171 Σοφωιλῆςθὲ,
1906 2090 1941 2150 du
1953 2090 2002 2153 τοθς

1266 2180 1295 2237 ἐκ
1310 2176 1482 2245 Κλοοπύτοας
1496 2178 1565 2242 υἱοὺς
1584 2176 1732 2257 ἐτύφλωσεν
1746 2176 1863 2259 Ὀαρθον
1875 2176 1917 2235 aul
1928 2180 2001 2255 lipia·

1265 2263 1306 2322 ὅιν
1317 2308 1325 2335 ,
1336 2264 1449 2331 πεισθεὶς
1460 2264 1596 2331 διαύολαῖς
1609 2264 1706 2330 Ἰδαίας
1722 2268 1769 2335 τῆς
1783 2266 1870 2323 abacis
1884 2272 2000 2343 μητρυιαῖς.

1265 2354 1390 2412 Nomina
1404 2354 1485 2413 vario
1505 2354 1592 2412 modo
1612 2352 1778 2411 scribantur
1796 2354 1873 2430 apud
1887 2373 2001 2429 gersnrma·

1266 2442 1337 2501 ticos
1348 2454 1377 2500 et
1392 2454 1521 2500 correcta
1541 2454 1637 2499 sunta
1658 2442 1724 2499 viris
1744 2440 1845 2499 doctis.
1863 2442 2001 2519 sophocles
2074 2460 2075 2520 ρ

1265 2530 1294 2587 io
1311 2530 1452 2607 Antigona
1471 2550 1496 2586 ν.
1520 2526 1674 2604 966-987
1693 2528 1845 2587 Phineidas
1866 2549 1882 2586 α
1902 2548 2000 2587 noverca

1264 2629 1419 2675 occaecatos
1431 2614 1617 2693 custodiaque
1633 2616 1758 2673 inclusos
1772 2626 1877 2673 narrat.
1889 2618 1999 2673 Nouerca

1266 2702 1338 2761 ldaea
1349 2703 1464 2761 fuithiia
1474 2702 1610 2760 Dardani.
1622 2702 1717 2759 Schol.
1729 2702 1819 2779 Soph.
1832 2702 1851 2759 l.
1864 2704 1908 2759 cit
1919 2700 2000 2778 ιβιδ]

1264 2790 1340 2849 Μετὰ
1353 2788 1381 2847 bl
1395 2788 1439 2848 ris
1458 2788 1627 2869 Κλιοπᾶτρας
1645 2788 1755 2847 θάνατον
1773 2786 1903 2865 lisimas
1919 2788 1999 2849 'lirin

1264 2878 1312 2947 τὴν
1329 2876 1479 2957 Δαρδάνου,
1490 2878 1559 2936 κατὰ
1573 2874 1602 2935 δύ
1617 2900 1688 2942 τινας
1702 2876 1827 2935 Εἰδοθίαν
1844 2875 1891 2945 τὴν
1909 2876 1999 2948 Κάδμον

1265 2964 1378 3045 ἀδελφὴν
1389 2958 1436 3037 ,ἧς
1450 2964 1495 3022 καὶ
1509 2968 1523 3021 θ
1536 2964 1672 3046 Σοφοκλῆς
1688 2962 1848 3042 μνημονεύει
1863 2966 1997 3038 ε’νΤυμαι·

1265 3060 1375 3117 νισταῑς·
1389 3050 1447 3123 ἥτις
1462 3050 1489 3118 ii
1502 3050 1642 3123 ἔπιθουλῆς
1655 3050 1817 3131 rapiebamur
1829 3051 1884 3115 τοὺς
1896 3048 1998 3109 turst-

1265 3161 1328 3220 ερας
1346 3140 1442 3205 παῖδας
1461 3140 1489 3197 ἐν
1503 3138 1579 3220 τάριρ
1600 3136 1748 3218 καθεῖρξεν,
1764 3140 1800 3205 ὣς
1815 3138 1843 3197 δι’
1855 3136 1918 3202 roi<
1927 3158 1998 3216 ρατιν,

1265 3225 1499 3307 &ranacharium
1512 3229 1598 3286 αὐτῶν
1618 3226 1664 3285 dri
1685 3227 1717 3298 δὴ
1735 3227 1913 3308 πειρασάντων
1926 3223 1998 3292 nisis.

1267 3307 1818 3396 Ἐφ’οἷςθπατηθιὶςθΦινεθςθμροαύρους
1824 3315 1998 3394 τορλοί.Τοῧαα

1266 3401 1403 3480 δλὶστοριί
1417 3401 1610 3484 Ἀπολλόδωρος
1625 3404 1699 3482 ύντῇ
1716 3403 1885 3484 Βιύλιοθηιτη.
1904 3405 1998 3462 senio

1266 3489 1302 3548 ad
1319 3493 1382 3548 AEn.
1408 3493 1470 3561 ili,
1493 3509 1551 3566 ²⁰9
1569 3511 1576 3546 :
1594 3491 1743 3551 «Phineus
1757 3509 1808 3549 rex
1820 3491 1872 3550 fnit
1884 3489 1999 3550 Thracia.

1267 3577 1320 3634 iiic
1335 3577 1394 3634 suis
1408 3575 1507 3634 liberis
1519 3569 1721 3655 superinduxit
1750 3597 1920 3648 novercam,
1936 3577 2000 3651 cujus
2075 3563 2076 3590 ¹

1266 3664 1401 3723 instinctu
1414 3683 1465 3722 eos
1478 3666 1635 3722 oecaecavit.
1657 3665 1704 3723 Ob
1717 3685 1803 3742 qnam
1818 3687 1877 3726 rem
1896 3667 1951 3724 irati
1970 3663 2000 3720 dii

1266 3764 1299 3808 et
1312 3753 1411 3810 oculos
1435 3753 1611 3830 sustulerunt
1627 3766 1655 3809 et
1667 3752 1863 3812 adhibuerunt
1875 3753 2000 3828 harpyias
2075 3813 2076 3825 ,

1266 3859 1332 3916 quar
1343 3857 1430 3916 ιμιιιιιι
1443 3839 1469 3897 ei
1483 3839 1533 3897 diu
1546 3839 1627 3900 cibos
1640 3841 1821 3917 abriperent,
1836 3843 1881 3900 hie
1890 3847 2000 3899 lawarn

1267 3947 1332 3984 com
1348 3928 1521 4004 Argonautis
1532 3939 1653 4006 propter
1665 3929 1755 3986 vellus
1769 3947 1886 3988 aureom
1900 3927 2000 3988 Colchos

1268 4027 1412 4090 petentem
1424 4016 1549 4093 suscepit
1563 4013 1707 4094 hospitio,
1719 4019 1768 4074 cui
1781 4017 1866 4074 etiam
1877 4017 1999 4074 ductorem

1171 4146 1176 4156 .
1266 4099 1374 4159 dedit.»
1390 4101 1509 4160 Aliialia
1525 4115 1653 4160 narrant.
1663 4105 1916 4163 Valeririsiiaccns
1927 4125 1939 4160 a
1951 4101 2001 4160 Pbi·

1267 4207 1324 4245 neo
1345 4188 1506 4264 Orithyiam
1532 4193 1632 4266 ,noma
1656 4191 1742 4248 liliam
1765 4210 1884 4250 uxorem
1905 4189 1998 4247 dosissc

1268 4274 1373 4348 refert,
1387 4293 1422 4332 ex
1438 4295 1495 4353 qua
1509 4275 1581 4334 daos
1594 4276 1700 4334 liberos
1714 4279 1849 4356 suscepit.
1868 4283 1924 4338 iias
1941 4297 1998 4332 coa-

1264 4360 1334 4439 juge
1360 4365 1456 4441 spreta
1484 4364 1587 4422 idaeam
1610 4365 1735 4423 Dardani
1754 4367 1920 4442 Scytharum
1943 4365 1999 4440 regu·

1268 4453 1352 4510 liliam
1368 4453 1466 4523 drrxit,
1481 4473 1544 4531 quae
1559 4453 1704 4512 novercali
1719 4455 1788 4513 odio
1799 4455 1910 4513 indocta
1921 4457 1997 4528 impu-

1268 4541 1300 4596 lit
1314 4541 1466 4611 maritum,
1483 4553 1515 4598 nt
1527 4541 1599 4599 lilios
1611 4543 1753 4620 perderet.
1768 4543 1820 4602 ilie
1835 4545 1914 4600 viros
1927 4541 1999 4598 suli»-

1268 4627 1311 4684 dit
1323 4627 1460 4686 umbilico
1478 4641 1559 4686 tenus
1573 4643 1601 4686 et
1611 4629 1706 4686 cibum
1719 4629 1810 4700 dedit,
1820 4645 1851 4688 ut
1859 4633 1885 4688 in
1896 4649 1924 4688 ea
1933 4647 1999 4706 puna

1268 4717 1404 4773 viverent.

1308 4803 1487 4880 comparatis
1519 4803 1684 4880 fragmentis
1718 4811 2001 4881 grammaticommqur

1270 4891 1438 4949 commentis
1453 4891 1501 4948 vix
1513 4889 1637 4948 dubitari
1645 4904 1737 4968 potest
1748 4894 1818 4968 quia
1832 4891 1934 4964 fabulae,
1948 4907 2001 4964 qut

1268 4977 1465 5036 inscribuntur
1491 4977 1617 5036 Phineus
1640 4991 1669 5036 ct
1686 4981 1891 5057 Tympanistae,
1916 4976 1999 5034 eodem

1269 5078 1436 5143 argumento
1449 5064 1562 5142 scriptae
1576 5067 1640 5123 sint.
1653 5072 1691 5125 Λι
1705 5087 1739 5124 ex
1755 5087 1791 5124 eo
1802 5087 1858 5125 non
1870 5059 2000 5140 consequi·

1375 5320 1400 5375 0
1410 5319 1513 5376 Lemno
1524 5236 1688 5390 condida
1697 5317 1779 5374 ricini
1791 5318 1879 5376 eone.

1617 5409 1679 5460 385.

1340 5491 1426 5550 Adios
1439 5489 1576 5548 inumbrat
1587 5498 1661 5564 terga
1676 5491 1797 5550 ieomie
1807 5487 1892 5550 boris.
