4567 6425
839 650 1047 713 SOl‘llOCldS
1070 651 1304 717 tiridatem

290 809 385 848 vuum
399 808 512 845 sunuuo
524 788 624 845 dolore
637 786 768 863 eorporis
781 798 810 842 et
820 784 908 841 animi
922 782 1049 840 cruciatu

291 878 455 954 perculsum
470 896 528 932 uon
543 874 604 932 sine
619 893 721 951 taragna
733 872 925 929 commotione
941 870 1051 927 audito·

290 986 354 1023 nrm
368 966 490 1041 spectari
504 964 641 1041 potuisse.

328 1053 509 1109 Crediderim
528 1052 613 1109 initio
634 1050 814 1109 introductos
828 1068 905 1118 esse,
921 1047 971 1123 qui
987 1050 1050 1103 Μο-

290 1142 419 1215 lengrum
442 1141 613 1218 suppliciter
631 1140 769 1197 auxilium
794 1134 1051 1196 adversusdrostes

290 1242 442 1305 rugareut3
468 1240 497 1284 at
527 1229 580 1285 hos
609 1226 702 1305 rejicit
729 1243 956 1285 commemorans
979 1219 1049 1299 quid

291 1317 390 1373 feeerit
401 1336 474 1393 apro
484 1336 568 1393 agros
580 1316 746 1373 devastante
763 1313 893 1391 quidque
912 1310 978 1369 iude
993 1308 1050 1368 sibi

289 1405 452 1481 eontigerit.
476 1408 519 1461 lta
547 1406 726 1461 venationem
754 1412 902 1469 memorat.
933 1398 1049 1455 Lucian.

291 1494 404 1569 lapith.
430 1513 455 1549 c.
482 1494 533 1560 25,
558 1512 589 1569 p.
615 1494 688 1561 436,
716 1488 765 1547 ubi
788 1490 850 1546 haec
880 1484 1049 1545 Hetoemocli

289 1582 389 1637 Stoico
402 1582 597 1657 allinguntur:
615 1581 649 1637 tit
661 1576 689 1635 δὲ
702 1577 806 1636 δείπνου
819 1574 893 1633 ίνεκα
905 1569 1051 1653 ὀργίζεσθαί

289 1690 332 1724 σοι
344 1668 423 1736 δοκῶ,
436 1666 466 1723 τὸ
477 1666 545 1723 κατὰ
557 1665 601 1723 τδν
610 1664 692 1725 Οἰνία
707 1664 837 1734 ἐννόησον.
846 1659 927 1741 'illac
941 1659 992 1739 γδρ
1004 1659 1050 1716 καὶ

289 1753 337 1824 τὴν
350 1754 472 1833 Ἀρτεμιν
487 1756 695 1829 ἀγανακτοῦσαν,
710 1751 750 1810 δτι
765 1752 846 1828 μόνην
860 1748 942 1819 αὐτὴν
954 1750 982 1805 οὐ
994 1770 1051 1804 πα-

291 1850 399 1929 ρέλαθεν
416 1853 509 1913 ἐκεῖνος
531 1850 574 1907 tat
596 1846 645 1919 τὴν
662 1846 771 1920 θυσίαν,
784 1844 842 1910 τοὺς
862 1845 957 1909 ἄλλους
981 1839 1052 1907 θεοὺς

291 1940 393 1996 ἱστιῶν.
410 1938 485 2007 Φησὶ
498 1934 526 1994 δὲ
538 1936 598 2017 περὶ
613 1938 698 1993 αὑτῶν
712 1936 862 2015 Σοροκλῆς·

290 2060 374 2139 [διο]
401 2058 474 2132 Συὸς
487 2058 628 2149 μέγιστον
641 2056 734 2146 χρῆμ’
753 2056 798 2117 ἐπ’
810 2051 921 2129 Οἰνέως
938 2052 1024 2143 γύαις

396 2171 486 2243 ἀνῆκε
506 2174 625 2246 Λητοῦς
639 2176 710 2247 ταῖς
722 2163 866 2245 ίκηθολος
880 2166 944 2232 θεοί.

290 2298 475 2374 Perspicuum
497 2310 540 2355 est
560 2296 638 2355 huuc
658 2316 760 2373 aprum
777 2314 836 2351 non
859 2294 900 2350 ita
923 2308 1050 2348 comme·

292 2386 399 2445 morari
420 2398 450 2443 ut
472 2406 557 2463 ιγιιοιιι
581 2404 679 2441 ornnes
702 2384 810 2441 receati
836 2382 975 2439 memoria
995 2378 1050 2435 ha-

291 2474 386 2533 heant.
402 2476 477 2532 Huic
493 2474 615 2531 orationi
629 2471 809 2541 vindicarint,
823 2468 901 2546 quod
917 2480 960 2525 est
972 2464 1050 2543 apud

291 2569 499 2639 llerruugeueut
508 2568 551 2619 De
561 2562 660 2619 formis
671 2575 743 2616 orat.
755 2580 784 2636 p.
795 2566 851 2623 fta
865 2580 872 2613 ε
884 2556 967 2635 [514]
979 2582 991 2607 ι
1001 2553 1053 2613 Φί-

291 2649 400 2730 λανδρόν
411 2678 423 2700 ν
439 2672 491 2706 που
503 2648 552 2719 τὴν
565 2648 724 2718 Ἀταλάντην
740 2640 811 2705 εἶπεν
830 2651 844 2703 δ
859 2646 996 2725 Σοροκλῆς
1009 2642 1052 2701 διδ

290 2740 322 2796 τὸ
338 2738 500 2804 ἀσπάζεσθαι
518 2735 565 2794 σὺν
584 2736 706 2817 ἀνδράσιν
723 2725 804 2805 εἶναι,
819 2736 896 2809 ἡμῶν
908 2732 986 2791 πάλιν
1008 2728 1053 2789 fati

291 2828 373 2883 αλλου
402 2824 556 2905 πράγματος
591 2824 737 2882 ταττόντων
764 2822 877 2897 τοῦνομα
902 2826 988 2879 τοῦτο.
1017 2824 1052 2877 Et

292 2914 481 2990 rutrtemptim
497 2913 572 2970 iuter
586 2924 744 2989 anapaestos
760 2922 845 2987 negat
857 2929 887 2966 se
901 2906 966 2965 urbi
983 2929 1050 2964 suc-

292 3022 452 3071 cursurum,
466 3020 531 3077 quae
545 2999 576 3057 id
589 3021 646 3056 raon
660 3013 811 3056 mereatur.
826 2997 1052 3073 Hesych.‚[5'15]

293 3120 305 3139 «ι
321 3090 416 3169 κυάμῳ
429 3086 549 3167 πατρίῳ,
562 3117 574 3139 ι
588 3089 725 3165 Σοφοκλῆς
736 3088 763 3143 ἐν
779 3084 938 3165 Μελεάγρῳ·
952 3087 987 3147 ὡς
1007 3084 1052 3140 καὶ

292 3180 345 3234 τῶν
362 3176 488 3236 Αἰτωλῶν
505 3175 551 3239 τὰς
565 3172 647 3257 ἀρχὰς
669 3170 862 3251 κυαμευάντων.
887 3173 971 3231 atiud
995 3172 1052 3230 fm-

292 3279 441 3342 gmentum
462 3263 538 3342 apud
556 3263 731 3340 Hesychium
746 3263 866 3318 fortasse
887 3262 921 3318 ad
942 3261 1052 3318 Melea-

293 3375 376 3431 grum
390 3353 513 3430 pertinet
527 3354 577 3430 qui
593 3367 623 3408 ut
638 3351 732 3410 hostia
744 3350 797 3407 diis
815 3350 913 3407 inferis
928 3349 1053 3406 devotus

293 3445 350 3501 sit:
365 3441 447 3520 [516]
463 3442 631 3510 «ἀντίδοτον,
647 3468 660 3491 ν
678 3437 874 3506 ίσάθοιον,α’ντί
892 3437 949 3515 βοὸς
968 3442 1052 3496 καθα·

292 3531 453 3608 γιαζάμενον.
468 3531 532 3608 Σορ.
545 3530 699 3609 Μελεάγρῳ.
715 3528 846 3605 Denique
861 3528 1051 3604 fragmentum

293 3621 372 3698 aptul
393 3618 567 3693 Hesychium
584 3617 619 3674 ad
643 3621 726 3675 linem
748 3615 892 3692 tragoediae
916 3634 1053 3691 reposue-

295 3711 359 3778 rim,
372 3708 420 3764 uhi
432 3725 555 3782 quercus
568 3705 719 3763 memorari
730 3703 868 3762 credibile
880 3716 932 3774 est,
941 3723 977 3759 ex
991 3703 1054 3779 qui·

293 3797 349 3852 hus
363 3795 508 3851 destillans
522 3812 623 3850 succus
640 3794 669 3851 in
684 3793 832 3850 succinum
855 3790 1052 3867 congelascat:

293 3884 375 3960 [stt]
391 3912 402 3933 ν
417 3879 546 3961 ίξορόρους
563 3880 640 3960 δρθας
653 3880 737 3950 ν,τδν
761 3879 812 3948 ἰξὸν
831 3879 966 3960 φερούσας
985 3881 1052 3959 Σορ.

295 3971 449 4050 Μελεάγρῳ.

621 4066 715 4081 υ*-

584 4171 757 4232 Atreum.

335 4311 493 4369 Brttuckius
505 4306 636 4368 Ἀλωάδας
650 4323 753 4361 nomen
769 4302 873 4359 fabulae
890 4303 977 4359 luisse
997 4323 1053 4379 pu-

295 4401 365 4456 tarit
378 4416 538 4476 provocans
555 4395 591 4451 ad
604 4391 811 4450 llerustcrhusii
829 4403 926 4447 artrrot.
940 4392 976 4446 ad
995 4397 1054 4448 Lu-

294 4491 368 4545 ciau.
383 4485 545 4563 Contetnpl.
560 4505 589 4562 p.
609 4491 675 4558 491..
688 4482 847 4556 Satyricam
861 4480 985 4537 fabulam
1002 4501 1052 4536 vo·

294 4577 378 4634 eavit.
393 4579 425 4632 In
440 4575 538 4632 eadem
553 4571 693 4630 sententia
705 4571 757 4627 fuit
769 4569 985 4639 Valckenarius,
1004 4570 1054 4645 qui

294 4667 352 4722 alia
370 4665 447 4721 varia
465 4663 616 4721 confinxit.
640 4659 698 4718 Alii
722 4673 816 4716 tameu
841 4657 954 4714 titulum
974 4657 1052 4714 illurn

296 4774 354 4808 una
368 4764 482 4818 ‚tauttuu
498 4769 589 4826 eaque
605 4749 712 4806 ineerta
731 4746 902 4804 auctoritate
923 4745 1053 4802 inuisum

295 4843 399 4898 falsum
426 4860 487 4896 isse
514 4849 723 4915 perspexerunt
745 4835 908 4910 rectiusque
934 4831 1055 4898 Ἀλεάδας

295 4931 357 4986 sire
369 4927 508 4992 Ἀλευάδας
528 4927 721 5001 scripserunt,
744 4935 775 4978 ut
790 4925 820 4978 in
834 4922 969 4978 omuibus
985 4922 1055 4978 lucis

295 5017 455 5093 reperitur,
475 5015 582 5092 quibus
603 5011 706 5070 fabule
726 5011 756 5066 lit
776 5011 893 5066 mentio.
910 5010 1053 5080 Quocirca

295 5107 456 5162 Srireruius
471 5103 568 5160 docuit
581 5111 779 5178 argumentum
792 5099 822 5154 in
840 5117 875 5153 eo
886 5117 947 5154 esse
960 5116 1054 5153 versa·

1804 668 1855 719 351

1105 792 1180 851 tum,
1204 797 1236 839 ut
1252 784 1325 841 filius
1347 784 1462 861 spurius
1477 786 1506 843 in
1524 805 1641 865 regnum
1664 790 1862 849 restitueretur

1105 870 1191 947 idque
1206 872 1303 929 retulit
1319 872 1354 928 ad
1370 873 1548 931 conditorem
1568 877 1648 953 regui
1671 878 1861 937 Aleuadurtuu

1104 959 1132 1016 in
1148 961 1302 1019 Thessalia.
1317 964 1424 1018 Verum
1440 982 1485 1019 res
1502 964 1556 1021 itte
1566 964 1719 1041 Sophoclis
1734 980 1862 1043 tempore

1102 1047 1328 1105 Atheniensibus
1348 1048 1448 1105 aliena
1466 1070 1548 1107 tuauc
1567 1072 1661 1128 neque
1684 1052 1862 1129 intelligitur,

1103 1154 1158 1211 qua
1175 1137 1204 1191 iu
1219 1157 1248 1193 re
1261 1136 1383 1213 dignitas
1399 1139 1503 1213 tragica
1518 1154 1629 1199 versata
1643 1140 1736 1199 fuerit.
1748 1148 1785 1201 At
1800 1142 1863 1199 edi·

1103 1223 1146 1279 dit
1161 1228 1280 1281 Vaterus
1299 1225 1487 1281 Beroliueusis
1501 1225 1601 1284 deluto
1617 1228 1712 1287 fabula
1727 1229 1864 1287 disserta-

1103 1312 1224 1384 tionem,
1246 1332 1303 1389 qua
1321 1312 1420 1371 docuit
1444 1316 1589 1391 tragoediae
1606 1330 1803 1393 argumentum
1826 1319 1863 1379 ab

1103 1400 1301 1459 Alcidamaute
1322 1401 1436 1459 rhetore
1459 1402 1502 1461 his
1524 1404 1619 1463 verbis
1639 1420 1781 1465 servatum
1801 1430 1863 1465 esse

1103 1491 1143 1567 (p.
1160 1494 1213 1548 185
1229 1490 1297 1549 edit.
1313 1491 1424 1568 steph.)
1438 1516 1444 1549 ι
1459 1490 1543 1573 Ἄλεῳ
1558 1491 1608 1574 γδρ
1621 1498 1658 1574 τῷ
1671 1496 1770 1569 Τεγέας
1783 1500 1854 1573 βασι·

1103 1578 1143 1635 λεὶ
1159 1576 1307 1659 ἀφικομένῳ)
1320 1580 1354 1643 εἷς
1371 1578 1486 1660 Δελροίις
1502 1580 1617 1661 ἐχρήσθη
1631 1582 1681 1641 ὑπὸ
1694 1590 1739 1641 τοῦ
1754 1588 1814 1643 θεοῦ
1825 1584 1864 1645 δτι

1104 1667 1174 1745 αὐτῷ
1190 1664 1291 1743 ἔκγονος
1309 1668 1338 1725 ἐκ
1354 1670 1400 1737 τῆς
1412 1668 1536 1747 θυγατρδς
1551 1672 1573 1727 εί
1587 1669 1699 1745 γένοιτο,
1710 1671 1760 1729 lrttir
1772 1672 1864 1731 codron

1104 1754 1157 1810 δεῖν
1177 1752 1233 1817 τοὺς
1247 1752 1315 1819 υἱοὺς
1334 1752 1412 1811 αὐτοῦ
1431 1756 1583 1813 ἀπολέσθαι.
1602 1758 1726 1827 Ἀκούσας
1739 1758 1766 1817 δὲ
1780 1766 1864 1819 ταῦτα

1104 1845 1118 1899 ὁ
1132 1841 1229 1907 Ἄλεως
1240 1842 1283 1900 διδ
1295 1841 1390 1919 τοίχους
1406 1846 1552 1923 α’ρικνείται
1562 1840 1653 1905 οίκαδε
1665 1848 1710 1907 καὶ
1726 1851 1865 1920 καθίστησι

1104 1928 1152 1999 την
1167 1930 1297 2007 θυγατέρα
1311 1930 1407 2010 ἱέρειαν
1418 1938 1464 2001 τῆς
1478 1932 1594 2005 Αθηνᾶς,
1608 1934 1687 1993 εἰπὼν
1702 1934 1726 1993 εί
1737 1960 1802 1995 ποτε
1815 1941 1862 1995 άν-

1105 2018 1147 2094 δρὶ
1160 2016 1346 2094 συγγινήσεται
1363 2016 1522 2079 θανστιίισιιν
1536 2020 1625 2092 αὐτήν.
1645 2022 1737 2101 Τύχης
1751 2024 1778 2083 tii
1792 2048 1866 2101 γενο-

1105 2104 1185 2182 μένης
1197 2108 1341 2187 άρικνεῖται
1353 2108 1486 2187 Ἡρακλῆς
1497 2110 1698 2187 στρατευόμενος
1710 2113 1752 2171 ἐπ’
1763 2112 1864 2190 Αὐγέαν

1105 2196 1141 2259 εἰς
1155 2184 1235 2253 Ἦλιν
1252 2192 1297 2253 καί
1312 2195 1388 2254 αὐτὸν
1404 2196 1492 2265 ξενίζει
1506 2201 1519 2255 δ
1533 2198 1628 2263 Ἀλεως
1640 2200 1666 2256 ἐν
1687 2203 1725 2281 τῷ
1745 2202 1806 2280 ἱερῷ
1819 2206 1865 2273 τῆς

1106 2278 1223 2350 Ἀθηνᾶς.
1238 2281 1310 2340 Ἰδὼν
1327 2280 1354 2339 δὲ
1369 2286 1382 2341 ὁ
1397 2283 1532 2361 Ἡρακλῆς
1550 2282 1597 2355 τὴν
1608 2287 1691 2343 παῖδα
1706 2288 1733 2344 ἐν
1751 2292 1787 2367 τῷ
1805 2292 1864 2370 νεῷ,

1106 2366 1157 2424 irad
1170 2367 1250 2443 μέθης
1260 2371 1501 2445 συνεγένετοἸίπεὶ
1515 2372 1542 2429 δὲ
1553 2378 1665 2431 κυοῦσαν
1678 2373 1759 2445 αὐτὴν
1772 2376 1865 2453 ᾔσθετο

1105 2456 1221 2535 δπατὴρ
1235 2454 1341 2527 Ἀλεως,
1356 2458 1557 2535 μεταπέμπεται
1566 2460 1609 2518 τδν
1621 2461 1712 2519 τούτου
1724 2464 1865 2541 [Παλαμή-

1106 2538 1177 2625 δους]
1192 2542 1303 2625 πατέρα,
1315 2547 1458 2623 πυθόμενος
1472 2546 1590 2626 πορθμέα
1608 2570 1636 2606 τε
1650 2550 1727 2608 αὐτὸν
1741 2542 1865 2610 εἶναικαὶ

1106 2632 1196 2690 δεινόν.
1210 2632 1381 2711 Ἀρικομένου
1395 2633 1422 2691 δὲ
1441 2640 1486 2692 τοῦ
1505 2636 1652 2707 Ναυπλίου,
1672 2638 1777 2697 δίδωσιν
1793 2640 1866 2698 αὐτῶ

1105 2718 1153 2790 τὴν
1167 2721 1250 2777 παῖδα
1266 2720 1465 2782 καταποντίσαι.
1481 2722 1514 2781 Ὁ
1530 2720 1556 2780 ll
1568 2723 1730 2802 παραλαθδιν
1742 2716 1805 2803 ἦγεν
1818 2702 1864 2787 ed·

1105 2805 1163 2877 τη’ν·
1174 2808 1219 2866 καὶ
1231 2810 1265 2873 ὡς
1275 2808 1389 2884 γίνονται
1401 2810 1427 2865 ίν
1440 2813 1478 2889 τῷ
1490 2810 1628 2889 Παρθενίῳ
1642 2810 1706 2887 ὄρει,
1717 2812 1798 2869 τίκτει
1811 2814 1865 2885 Ἰη·

1104 2897 1191 2976 λερον.
1213 2895 1358 2972 Ἀμελιζσας
1373 2896 1399 2955 δὲ
1416 2887 1452 2954 dir
1472 2897 1599 2964 δἈλεως
1614 2900 1685 2979 αὐτῷ
1706 2900 1864 2979 ίπίστειλεν,

1106 2984 1177 3059 ἄγων
1190 2982 1271 3054 αὐτὴν
1289 2984 1401 3041 ἀπέδοτο
1414 2984 1459 3042 καί
1472 2986 1502 3043 τὸ
1516 2986 1618 3043 παιδίον
1632 2990 1656 3051 ἐς
1677 2988 1783 3047 Μυσίαν
1795 2988 1865 3049 Τιά-

1106 3075 1196 3152 θραντι
1213 3076 1250 3149 τῷ
1266 3074 1376 3150 βασιλεῖ.
1390 3071 1424 3131 '0
1439 3072 1466 3129 δὲ
1482 3072 1597 3151 Τεύθρας
1611 3072 1689 3139 άπαις
1703 3074 1739 3133 ὧν
1754 3075 1802 3147 τὴν
1817 3076 1864 3151 μίν

1107 3158 1196 3236 Αὔγην
1210 3168 1321 3236 γυναῖκα
1338 3168 1460 3232 ποιεῖται,
1475 3160 1518 3220 τὸν
1534 3158 1658 3220 linaiis
1675 3165 1754 3235 αὐτῆς
1771 3166 1864 3224 ἐπονο-

1106 3247 1192 3324 μάσας
1209 3248 1329 3324 Τήλεμον
1346 3248 1445 3306 τίθεται
1458 3249 1512 3307 υἱδν
1528 3251 1631 3324 ἑαυτοῦ,
1644 3251 1734 3312 δίδωσί
1745 3275 1774 3311 τε
1789 3253 1865 3313 αὐτὸν

1107 3337 1223 3418 Πριάμῳ
1242 3339 1275 3402 εἰς
1288 3337 1317 3394 τὸ
1331 3337 1417 3413 ὀλίγον
1430 3337 1577 3396 παιδεῦσαι.

1147 3425 1239 3482 Facile
1263 3425 1430 3502 intelligitur
1451 3425 1549 3483 deesse
1570 3427 1654 3485 finem
1670 3425 1796 3486 historiae
1816 3431 1865 3507 qui

1105 3515 1168 3578 sine
1179 3514 1307 3571 molestia
1324 3514 1451 3591 suppleri
1467 3527 1569 3592 potest.
1587 3515 1773 3574 Desideratur
1789 3521 1865 3578 euim

1105 3602 1195 3659 altera
1211 3622 1274 3678 pars
1289 3603 1411 3674 oraculi,
1429 3602 1512 3680 cujus
1525 3604 1605 3679 prior
1617 3623 1683 3682 pars
1703 3605 1739 3662 ad
1758 3607 1867 3664 exitum

1107 3691 1249 3768 pertenit,
1261 3690 1340 3768 quud
1355 3691 1499 3766 Telephus
1521 3711 1577 3747 non
1600 3691 1724 3759 interiit;
1739 3691 1817 3751 deest
1834 3710 1867 3752 ut

1106 3779 1264 3834 artttrculns
1275 3779 1396 3834 urcitlut.
1409 3779 1474 3834 llaec
1486 3779 1671 3854 exposuimus
1684 3781 1712 3836 iu
1728 3781 1867 3858 fragmen-

1107 3867 1143 3924 tis
1154 3867 1289 3942 AEschyli.
1307 3873 1342 3924 At
1363 3865 1503 3923 credibile
1518 3879 1561 3922 est
1576 3866 1799 3926 Alcidamantem
1816 3890 1864 3928 re-

1108 3955 1206 4011 tulisse
1220 3973 1284 4030 quae
1297 3953 1373 4030 apud
1391 3953 1562 4029 Sophoclem
1577 3971 1634 4010 uon
1649 3955 1767 4032 reperit.
1779 3959 1865 4014 Tele·

1107 4044 1183 4119 plius
1212 4042 1288 4098 eninr
1322 4043 1351 4098 in
1387 4042 1497 4098 Gracia
1530 4041 1646 4098 relictus
1677 4056 1706 4099 et
1733 4063 1749 4100 a
1784 4065 1867 4103 cerva

1107 4133 1231 4189 nutritus
1245 4149 1305 4186 esse
1324 4142 1478 4206 posteaque
1498 4129 1656 4187 avunculos
1679 4129 1826 4201 occidisse,
1839 4146 1867 4190 et

1108 4219 1213 4293 fugisse
1242 4217 1431 4292 expiatusque
1460 4234 1522 4274 esse
1553 4215 1668 4273 videtur
1690 4217 1746 4296 [cf.
1770 4218 1865 4280 Strab.

1108 4327 1136 4382 p.
1156 4307 1232 4380 356).

1148 4397 1316 4468 Fragmenta
1331 4391 1508 4469 perobscura
1525 4402 1601 4450 sunt.
1616 4399 1724 4468 Augam
1747 4406 1865 4452 matrem

1108 4493 1193 4559 poeta
1208 4478 1392 4536 introducere
1407 4497 1464 4536 nun
1478 4479 1585 4556 potuit.
1603 4484 1704 4556 ltaque
1719 4495 1866 4538 remanent

1106 4571 1129 4627 si
1145 4569 1238 4626 minus
1252 4566 1346 4637 Aleos,
1366 4579 1394 4624 at
1409 4568 1532 4638 nteadae,
1549 4585 1623 4642 quos
1641 4567 1793 4624 Pausanias
1808 4587 1864 4624 nu-

1108 4677 1186 4715 mero
1198 4668 1253 4714 tres
1265 4669 1411 4722 memorat,
1424 4661 1584 4730 Lycurgum
1599 4669 1627 4712 et
1639 4655 1865 4733 Amphidaman-

1108 4757 1163 4801 tem
1180 4757 1207 4800 et
1218 4742 1363 4818 Cepheum
1375 4747 1464 4818 γ’νἹΙΙ,
1478 4753 1505 4811 η,
1519 4743 1556 4820 θ),
1566 4743 1694 4820 Hyginus
1708 4743 1776 4813 diro,
1789 4742 1866 4820 Hip-

1108 4832 1245 4908 potheum
1261 4843 1288 4886 et
1299 4835 1391 4886 Nerea
1406 4830 1473 4908 (rid.
1487 4832 1585 4906 fragm.
1600 4831 1727 4906 AEschyli
1740 4847 1768 4909 p.
1783 4829 1863 4908 adli).

1106 4921 1271 4977 Welckerus
1289 4939 1437 4976 numerum
1460 4917 1582 4976 duorum
1604 4920 1692 4995 magis
1711 4919 1867 4976 convenire

1107 5021 1135 5065 et
1152 5007 1274 5084 simplici
1285 5007 1461 5083 antiquitatis
1477 5006 1568 5064 indoli
1578 5019 1608 5064 et
1620 5007 1772 5083 tragoediae.
1786 5005 1863 5066 Cho-

1107 5117 1174 5166 rus,
1201 5096 1224 5151 si
1254 5097 1280 5151 ei
1304 5095 1486 5151 triluwmluut
1509 5107 1552 5151 est
1576 5095 1764 5171 fragmentum
1786 5091 1865 5172 apud

312 5225 1863 5252 mm

1055 5293 1117 5342 57&

796 5376 897 5440 aprum
913 5367 1059 5422 marimum
1074 5365 1163 5422 OEnei
1181 5365 1254 5436 agris

794 5449 907 5504 inuitisit
922 5451 1032 5503 latonae
1045 5445 1102 5501 lilia
1117 5445 1269 5500 arcitenens
1282 5442 1342 5500 dea.
