4567 6425
452 692 506 743 ἰθύ

1015 670 1188 732 AESCIIYLI
1208 666 1453 726 FRAGMENTA.

452 833 480 890 p.
495 814 562 883 316,
573 816 608 869 B:
620 807 678 880 Τὴν
690 806 717 865 ll
730 803 848 875 αἰτιαιιὴν
862 801 992 861 πολύπουν
1008 798 1096 880 φασὶν,
1110 799 1145 860 ὥς
1154 795 1200 854 καὶ
1244 791 1332 875 ρύνης.
1349 791 1429 852 Πλίω
1450 790 1548 872 γρύσου
1561 790 1605 848 καὶ
1625 788 1730 871 ψοθοίου
1745 784 1790 843 καὶ
1811 770 1889 859 dinei
1907 804 1934 858 γε
1946 780 1980 837 νεὶ

451 897 581 959 Ἀλκίνουν
596 895 641 955 καλ
659 892 791 954 Οἰδίπουν·
808 890 852 949 καί
868 890 974 971 τρίπουν
991 886 1090 957 λε’ύητα
1103 881 1202 961 Ἀίσχύ·
1243 877 1338 957 didon·
1352 876 1484 958 Αἰσχύλος
1508 878 1631 957 Θεωροῖς.
1649 881 1720 947 Quae
1738 873 1780 929 sic
1796 870 1916 927 restituit
1934 871 1982 923 ue

451 987 495 1042 λον
509 982 640 1064 εἰρηκίναι
656 984 682 1039 ἰν
699 978 839 1057 Ἀθιίμαντι
851 978 902 1036 eal
914 978 998 1035 ἁπλοῦ
1012 980 1057 1034 τού
1071 970 1142 1037 πούς.
1244 964 1355 1023 brecus:

491 1071 619 1129 Alterum
637 1069 754 1127 fortasse
772 1067 807 1125 de
823 1071 929 1139 Inone,
944 1082 1029 1141 quam
1049 1080 1102 1138 pro
1116 1060 1203 1117 leaena

453 1159 583 1215 Athamas
597 1155 718 1229 hahuit,
741 1154 846 1211 dierum
863 1164 905 1210 est
920 1151 998 1229 apud
1012 1147 1202 1224 Hesychium:

1299 1084 1381 1179 [τοῦ]
1398 1083 1488 1149 ntea
1503 1078 1617 1174 ypalcoa
1634 1102 1668 1170 γε
1682 1074 1734 1142 καὶ
1748 1072 1853 1163 ψόθυυ,

453 1234 534 1316 [215]
547 1264 559 1289 ν
570 1232 868 1315 Βρυαζούσηςλεαίνσς·»
881 1233 907 1289 ἐν
915 1228 1062 1306 Ἀθάμαντι·
1071 1221 1203 1301 ἀκμαζού-
1247 1207 1300 1275 οἷον
1311 1211 1355 1271 καί
1365 1207 1455 1290 ῥύπου.
1468 1206 1546 1282 λίσχ.
1557 1204 1594 1260 Θ,
1612 1198 1776 1258 Diudoriius
1785 1208 1895 1257 autem.

453 1347 500 1393 οης
512 1322 530 1393 ἦ
545 1322 689 1399 ἐγκύμονος.
701 1320 759 1380 Ubi
771 1320 877 1377 nescias
896 1329 990 1375 manen
1007 1312 1157 1392 Sophoclis
1168 1330 1204 1367 an

454 1412 579 1487 AEschyli
591 1411 725 1469 Athamas
739 1408 858 1465 dicatur.

492 1500 611 1576 Reliqua
620 1496 739 1555 obscura
756 1506 822 1551 sunt
835 1492 911 1570 apud
923 1490 1095 1567 Hesychium
1108 1509 1114 1544 :
1125 1482 1205 1567 [216]

454 1585 598 1656 ν’λήτους,
614 1611 626 1635 ν
644 1581 779 1661 μεγάλους.
799 1578 927 1657 Αἰσχύλος
949 1575 1089 1653 Ἀθάμαντι
1106 1573 1209 1653 (codex

455 1669 628 1749 ἀθάμαντσς),
654 1683 682 1729 el
701 1666 936 1747 [217]«Ἀπύρτιν
954 1663 1056 1741 (codex
1073 1658 1207 1741 ἀπαρτιᾶ),

454 1756 665 1837 ιἰπηρτισμύνως,
675 1754 796 1836 exprime.
813 1752 942 1832 Αἰσχύλος
955 1749 1103 1827 Ἀθάμαντι.

493 1848 656 1905 Welckerus
676 1856 771 1902 autem
787 1843 987 1901 Athamantem
1007 1837 1130 1897 secunda
1148 1848 1208 1892 tra-

456 1935 543 2011 goedia
568 1934 738 2010 resipuisse,
762 1931 879 1988 Inonem
906 1927 1019 1986 insania
1045 1936 1208 2001 correptam

457 2024 558 2091 luisse,
582 2018 673 2097 neque
686 2024 804 2079 Inonem
816 2016 865 2075 sed
879 2016 1077 2075 Athamantem
1090 2029 1210 2089 puerum

455 2113 484 2169 in
512 2128 620 2167 aeneum
645 2106 765 2163 lebetem
794 2103 950 2181 conjecisse
977 2101 1101 2177 fugiente
1122 2100 1211 2157 Inone

458 2208 551 2273 putat.

743 2306 926 2331 ψ

583 2412 728 2473 ΤΗΕΟΒΙ
748 2410 807 2468 sive
827 2409 1080 2473 ISTHMIASTAE.

496 2530 594 2603 Neque
612 2526 686 2582 iuter
702 2524 832 2582 homines
847 2526 931 2582 lnoul
945 2522 1083 2580 honorem
1100 2522 1140 2580 dii
1155 2524 1209 2580 de·

458 2614 679 2672 essevoluerunt
692 2625 720 2670 et
731 2612 793 2669 aliis
806 2611 843 2669 de
856 2612 947 2669 causis
958 2622 987 2667 et
1001 2610 1077 2687 quod
1088 2612 1212 2670 iIIaBac·

460 2703 544 2761 chum
561 2713 739 2776 susceperat,
755 2701 928 2771 nutriverat,
949 2698 1128 2756 educaverat.
1152 2704 1212 2758 Ita·

459 2812 514 2869 que
536 2792 671 2849 memoria
696 2788 758 2865 ejus
781 2789 919 2847 servanda
945 2788 1008 2847 suit.
1040 2791 1133 2866 Atque
1153 2790 1212 2847 haec

459 2900 543 2937 causa
556 2878 628 2951 fuit,
645 2898 697 2936 cur
711 2877 834 2955 Sisypho
847 2878 907 2953 regi
927 2875 1076 2934 Corinthio
1087 2896 1213 2953 appare-

461 2981 504 3024 ret
518 2986 569 3044 per
589 2985 720 3023 somnum
737 2984 859 3041 eumque
872 2964 955 3021 ludos
977 2964 1007 3019 in
1028 2982 1110 3020 suum
1122 2963 1214 3022 hono·

460 3074 519 3111 rem
539 3055 686 3113 instituere
704 3051 830 3129 juberet.
853 3052 908 3110 Hic
931 3050 1046 3107 monitis
1065 3049 1215 3129 obtempe-

460 3162 525 3198 rans
544 3142 625 3199 ludos
643 3140 792 3200 Isthmicos
806 3138 890 3209 iecit,
906 3138 956 3216 qui
967 3157 1056 3216 quum
1075 3136 1214 3196 diuturno

460 3231 572 3288 silentio
584 3249 635 3309 per
646 3229 781 3302 latrones,
792 3239 825 3283 ut
838 3224 994 3297 dicebatur,
1005 3239 1213 3303 premerentur,

461 3320 587 3375 Theseus
601 3316 727 3393 expulsis
741 3314 884 3387 maleficis,
899 3313 948 3390 qui
960 3314 1090 3389 regiones
1100 3315 1215 3373 infesta-

461 3417 538 3479 runt,
551 3404 750 3462 solennitatem
765 3401 896 3460 ludorum
909 3402 1069 3459 renovavit.
1084 3403 1153 3460 Ideo
1166 3403 1215 3460 da-

462 3505 522 3548 tam
536 3503 578 3548 est
586 3487 809 3547 Atheniensibus
820 3487 955 3545 ludorum
966 3488 1140 3563 praesidium,
1156 3508 1214 3546 ma·

462 3582 651 3656 gistratusque
663 3577 847 3634 Athenienses
861 3576 1016 3651 quotannis
1031 3576 1062 3633 iu
1074 3575 1214 3634 Isthmum

460 3668 537 3726 missi
550 3665 704 3724 certamina
716 3662 897 3740 transigenda
913 3674 1059 3719 curarunt.
1082 3667 1149 3720 Haec
1170 3664 1215 3719 Iu-

463 3755 564 3822 dorum
578 3752 722 3812 institutio¹
730 3763 759 3808 et
774 3749 915 3807 dedicatio
930 3751 997 3827 quia
1017 3751 1047 3806 in
1067 3751 1149 3807 tertia
1162 3764 1217 3808 tra·

463 3841 555 3918 goedia
568 3861 584 3897 a
600 3853 684 3916 poeta
696 3835 907 3913 explicabatur,
926 3837 991 3894 ideo
1003 3856 1108 3892 nomeu
1120 3836 1216 3894 Theo-

462 3933 500 3988 ris
520 3931 579 3988 sive
593 3927 760 3987 Isthmiastis
780 3925 875 3982 datum
892 3944 952 3984 esse
969 3924 1133 3982 Welcberus
1155 3926 1215 3984 exi·

462 4019 569 4075 stimat.

501 4110 668 4182 Fragmenta
680 4121 770 4180 pauca
781 4113 810 4158 et
822 4099 943 4157 obscura
955 4109 1030 4155 sunt.
1041 4099 1216 4174 Hesychius:

462 4191 544 4275 [tte]
565 4190 744 4266 (Ἀποσιοίςν,
758 4185 856 4268 φυγών.
884 4188 1010 4264 Αἰσχύλος
1042 4183 1217 4261 Ἰσθμισσταῖς

462 4281 565 4360 (codex
579 4277 705 4354 ἰσθοίστις)
719 4275 762 4334 καὶ
773 4274 914 4352 Ἀλκμήνῃ,
929 4275 1047 4330 iortasse
1061 4274 1123 4351 ipse
1132 4273 1219 4331 Atha·

463 4389 522 4426 mas
538 4380 595 4437 cst,
613 4365 714 4424 deiude
726 4365 801 4441 apud
817 4362 937 4421 eundem
951 4383 958 4417 ι
972 4361 1053 4438 [21⁰]
1067 4359 1218 4437 οἸοιμύίς.»

461 4455 592 4535 Αἰσχύλος
602 4459 715 4535 Θεωροῖς
729 4452 747 4525 ἢ
760 4453 948 4530 Ἰσθμιασταῖς.
964 4454 1027 4516 Τοῖς
1045 4451 1218 4529 κιθαρίζουσιν

464 4542 569 4608 tetih<
589 4541 676 4620 συνῄει
702 4541 787 4600 καλαί
803 4546 921 4598 τοιαῦτα(
934 4536 1072 4618 κιθαρίσεις
1100 4535 1219 4614 ἐλέγοντο

464 4631 651 4710 πιριαμθίδις,
668 4631 786 4687 sortasse
801 4627 899 4685 naeniae
913 4627 1109 4702 intelliguntur
1123 4627 1152 4682 in
1163 4625 1218 4682 ho-

463 4739 560 4776 norem
581 4719 732 4777 Illelicortae
750 4727 877 4774 cantatae.
901 4715 944 4772 Cf.
959 4715 1092 4772 Philostr.
1109 4718 1178 4774 IIer.
1190 4734 1218 4791 p.

465 4815 529 4874 740.
549 4803 639 4872 Ψύθος
653 4805 729 4881 apud
746 4803 876 4862 Photium
894 4801 930 4859 ad
944 4802 1115 4860 Melicertam
1136 4803 1219 4860 Wei-

463 4893 563 4950 charus
580 4912 597 4951 a
620 4892 770 4970 putredine
790 4888 959 4948 servandum
976 4889 1080 4948 retulit.
1094 4894 1145 4949 Est
1165 4909 1218 4946 au-

465 4991 519 5036 tem
535 4979 629 5038 Photii
645 4980 725 5037 Iocus
740 4981 779 5038 ita
790 4988 946 5055 conceptus
961 4997 989 5054 p.
1001 4976 1069 5046 655,
1090 4977 1217 5035 12:11‘0:

463 5067 506 5126 ἐπὶ
521 5071 562 5126 τού
576 5071 676 5146 σαπροῦ
689 5066 733 5126 καί
745 5065 781 5143 μὴ
798 5061 1013 5146 συναρέσκοντος·
1027 5061 1084 5122 ἔστι
1101 5061 1128 5122 δί
1151 5065 1218 5121 (ἰπο-

463 5157 625 5229 ιιεμματικού
641 5151 762 5222 λεξειδίου
773 5175 779 5188 ·
792 5153 870 5234 ψύθον
882 5151 932 5233 γθιρ
955 5153 1086 5209 καλοῖσιν.
1099 5150 1218 5231 Ἀριστο-

1300 1330 1390 1401 Πλίω
1408 1323 1520 1417 γροῖοου
1530 1344 1565 1411 γε
1576 1318 1626 1384 καὶ
1636 1314 1753 1382 κοθοίου
1769 1317 1821 1379 καὶ
1836 1315 1940 1403 ῥύπου,

1250 1451 1314 1509 coll.
1340 1446 1522 1519 Theognosto
1547 1438 1576 1495 in
1599 1435 1718 1493 bekkeri
1735 1429 1841 1489 Anecd.
1864 1450 1894 1507 p.
1919 1429 1984 1495 lib.
2061 1449 2062 1482 ,

1250 1535 1456 1597 Perohscurum
1476 1524 1554 1585 aliud
1566 1525 1756 1600 fragmentum
1769 1530 1813 1576 est
1824 1516 1900 1593 apud
1912 1515 1985 1571 Athe-
2061 1535 2062 1606 ρ

1250 1644 1353 1692 naeum,
1361 1620 1411 1698 qui
1420 1618 1456 1676 de
1464 1615 1551 1674 variis
1559 1612 1740 1670 saltationum
1749 1603 1987 1684 generibusdispu·

1253 1728 1314 1771 tans
1328 1711 1388 1767 haec
1398 1704 1513 1781 scripsit
1525 1704 1603 1770 XIV,
1615 1718 1644 1776 p.
1660 1699 1728 1770 629,
1742 1699 1764 1753 F
1779 1716 1787 1749 :
1802 1682 1857 1750 ’Ἦν
1870 1687 1988 1792 dilexis}
2061 1715 2062 1750 3

1252 1804 1303 1859 τῶν
1317 1788 1535 1854 ἀποσκοπούντων
1549 1784 1580 1844 τθ
1595 1789 1688 1864 σχῆμα
1699 1781 1785 1862 ἄντρον
1794 1777 1843 1850 τὴν
1853 1786 1927 1857 χεῖρα
1936 1779 1988 1851 ύτερ

1252 1892 1297 1946 τοῦ
1319 1880 1439 1961 μετώπου
1461 1872 1671 1956 κεκυρτωκότων·
1694 1864 1851 1947 μνημονεύω
1875 1862 1988 1942 atipha

1253 1978 1280 2033 ἐν
1291 1975 1418 2050 Θεωροῖς·

1254 2085 1989 2195 [οἳιίΚαὶμήνπαλσιῶντῶνθέσοισκωπευμάτων.

1255 2225 1291 2277 Et
1318 2213 1478 2291 Hesychius
1502 2208 1539 2266 de
1565 2207 1622 2264 hoc
1644 2206 1726 2261 loco:
1744 2197 1989 2274 ιΣκωπιυμύτωνν

1255 2310 1347 2384 σχῆμα
1359 2304 1407 2372 τῆς
1416 2296 1502 2378 χειρὸς
1515 2292 1578 2377 πρὸς
1591 2291 1622 2351 rh
1632 2288 1752 2368 μέτωπον
1760 2283 1909 2363 τιθεμένης,
1917 2282 1991 2359 ὥσπερ

1255 2384 1482 2449 ἀποσκοπούντων.
1508 2381 1628 2440 Photius
1654 2399 1684 2455 p.
1707 2378 1774 2447 527,
1793 2378 1824 2431 6:
1838 2373 1991 2447 Σκύπτυμο·

1256 2482 1348 2557 σχῆμα
1374 2469 1523 2553 σατυρικὸν,
1540 2471 1574 2534 ὡς
1594 2466 1639 2525 καὶ
1659 2470 1674 2523 θ
1694 2460 1811 2527 σκωπθς·
1826 2460 1904 2524 οὕτως
1927 2461 1991 2534 Airy,

1256 2569 1360 2625 Iterum
1380 2558 1564 2635 Hesychius:
1582 2550 1748 2614 Ύπύσκσπον
1772 2550 1853 2630 χέρα·
1870 2544 1992 2625 Αἰσχύλος·

1255 2652 1343 2732 ὥσπερ
1357 2652 1381 2707 οἱ
1390 2649 1597 2708 ἀποσκοποῦντες
1603 2640 1672 2699 ούτω
1680 2635 1780 2697 κελεύει
1791 2632 1993 2717 σχηματῖσσιτίιν

1255 2748 1342 2819 χεῖρα,
1356 2732 1474 2812 καθάπερ
1487 2727 1545 2796 τούς
1560 2733 1651 2793 Πᾶνας
1660 2732 1772 2785 ποιοῦσι.
1788 2726 1887 2802 Σχῆμα
1900 2719 1926 2779 δι’
1937 2723 1993 2778 ἐστιν

1256 2824 1430 2909 ορχηστικὸνθ
1443 2816 1537 2885 σκοπός
1551 2818 1623 2896 (sic).
1642 2816 1728 2873 Varie
1743 2825 1786 2871 est
1805 2833 1821 2869 a
1837 2812 1904 2870 viris
1918 2808 1995 2865 doctis

1257 2917 1292 2975 de
1306 2916 1349 2973 his
1359 2908 1522 2988 fragmentis
1528 2906 1719 2983 disputatum,
1731 2902 1801 2958 nihil
1809 2899 1879 2957 certi
1889 2909 1993 2955 erutum.

1258 3006 1357 3080 Itaque
1365 2997 1453 3057 satius
1463 2994 1627 3073 putavimus
1636 3011 1670 3050 ea
1677 2989 1824 3068 preterire
1834 3006 1916 3064 quam
1924 2984 1994 3043 reior-

1258 3112 1299 3164 re,
1311 3108 1375 3168 quae
1387 3087 1437 3145 vix
1450 3081 1612 3162 probabilia
1626 3100 1688 3137 esse
1700 3075 1862 3135 videantur.

1556 3197 1715 3222 auam—-

1477 3255 1797 3346 IPHIGENIA.

1296 3419 1344 3470 ‘Aa
1356 3408 1506 3484 AEsehylus
1517 3401 1674 3482 Iphigeniae
1685 3398 1801 3457 nominc
1818 3395 1953 3474 trilogiam
1964 3394 1997 3449 ia-

1259 3498 1426 3576 scripserit,
1449 3492 1574 3551 dubitari
1603 3500 1706 3568 potest.
1726 3485 1890 3544 Weleherus
1917 3495 1997 3539 tamen

1259 3583 1375 3665 Ἱερείας,
1388 3575 1590 3656 Θαλαμοποιοῖις
1599 3587 1628 3654 et
1636 3576 1811 3651 Iphigeniam
1822 3591 1878 3628 una
1895 3567 1997 3643 trilogiae

1258 3669 1473 3730 continuatione
1491 3663 1655 3740 conjunxit,
1672 3663 1772 3736 inquo
1795 3660 1888 3716 virum
1907 3655 1998 3712 doetis-

1259 3762 1363 3819 simum
1378 3756 1467 3816 secuti
1476 3775 1584 3821 sumus,
1596 3751 1663 3829 quia
1672 3769 1756 3806 nemo
1770 3747 1825 3805 fuit
1834 3747 1884 3825 qni
1897 3745 1998 3803 meliora

1259 3848 1505 4004 doiiigdiirentum
1513 3917 1661 3994 AEschylus
1672 3916 1824 3972 maalmam
1836 3925 1940 3990 partem
1948 3911 1999 3985 ipse

1260 4014 1394 4090 exposuit
1408 4011 1437 4068 in
1453 4006 1603 4084 tragoedia,
1625 4021 1711 4080 quam
1724 3999 1940 4077 Agamemnonis
1959 4017 2000 4050 uo

1261 4106 1337 4162 nrine
1364 4099 1519 4178 inscripsit.
1544 4093 1728 4170 congregatis
1754 4089 1886 4149 Aulidem
1909 4084 2001 4144 Grecis

1260 4198 1436 4268 Agamemno
1455 4188 1529 4244 inter
1546 4202 1642 4240 moras
1659 4179 1728 4237 belli
1745 4179 1874 4238 animum
1887 4171 2002 4234 venando

1261 4281 1291 4338 in
1309 4280 1403 4336 vicina
1422 4277 1494 4332 siIva
1509 4273 1655 4331 oblectans
1678 4287 1793 4326 cervam
1814 4266 1931 4336 oceidit,
1948 4280 2003 4338 qua

1262 4367 1360 4428 Dianae
1372 4385 1449 4422 sacra
1463 4362 1525 4419 suit.
1539 4365 1603 4433 Qua
1616 4357 1692 4414 caede
1706 4354 1854 4432 indignata
1867 4353 1916 4410 dea
1930 4348 2002 4408 mala·

1262 4455 1334 4512 ciam
1359 4452 1435 4512 misit
1456 4449 1563 4506 Graecis
1582 4446 1701 4522 aliisque
1722 4441 1927 4500 calamitatibus
1941 4435 2003 4492 adeo

1262 4539 1364 4599 afflixit
1377 4537 1542 4607 exercitum,
1555 4547 1586 4590 ut
1598 4533 1690 4590 Graeci
1705 4550 1815 4588 samma
1828 4529 1949 4587 omnium
1961 4543 2004 4579 re·

1262 4646 1325 4684 rum
1346 4624 1443 4701 inopia
1463 4621 1626 4680 laborarent
1647 4637 1740 4696 neque
1761 4617 1911 4694 quisquam
1932 4612 2004 4669 sciret

1263 4712 1338 4769 tande
1352 4710 1489 4769 auxilium
1506 4718 1602 4786 posset
1614 4707 1685 4784 peti.
1699 4709 1791 4764 Causa
1802 4716 1897 4762 autem
1906 4697 2004 4758 calami

1264 4803 1329 4859 tatis
1343 4812 1490 4877 comperta
1508 4797 1600 4856 Graeci
1614 4796 1801 4853 vehementer
1812 4785 2004 4870 Agamemnoni

1263 4887 1473 4960 irascebantur,
1493 4885 1583 4943 donec
1598 4883 1717 4942 Calchas
1735 4893 1817 4938 vates
1839 4878 1923 4935 filiam
1938 4879 2004 4947 Aga-

1264 4975 1436 5045 memnonis,
1456 4972 1646 5050 Iphigeniam,
1667 4966 1757 5046 patris
1777 4965 1908 5034 delicias,
1929 4960 2006 5016 decus

1264 5062 1382 5134 domus,
1402 5079 1466 5137 quae
1482 5079 1556 5136 saepe
1569 5061 1683 5117 Graecos
1697 5065 1782 5112 cautu
1800 5052 1946 5111 delectaret
1959 5063 2006 5122 pa·

1264 5151 1371 5227 trisque
1386 5161 1491 5206 sortem
1505 5147 1658 5216 extulerat,
1679 5143 1739 5201 deae
1759 5143 1841 5200 iratae
1857 5135 2006 5196 sacrifican-

1521 5245 2007 5274 .......................--

1209 5318 1275 5368 220.

1038 5404 1118 5461 Plena
1132 5403 1203 5460 situs
1215 5410 1245 5459 et
1256 5400 1383 5456 madoris.
