<?xml version="1.0" encoding="UTF-8"?>
<!DOCTYPE html PUBLIC "-//W3C//DTD XHTML 1.0 Transitional//EN"
    "http://www.w3.org/TR/xhtml1/DTD/xhtml1-transitional.dtd">
<html xmlns="http://www.w3.org/1999/xhtml" xml:lang="en" lang="en">
 <head>
  <title>
</title>
<meta http-equiv="Content-Type" content="text/html;charset=utf-8" />
  <meta name='ocr-system' content='tesseract 3.04.00' />
  <meta name='ocr-capabilities' content='ocr_page ocr_carea ocr_par ocr_line ocrx_word'/>
</head>
<body>
  <div class='ocr_page' id='page_1' title='image "./schylietsophocl00sophgoog_0592.png"; bbox 0 0 4567 6425; ppageno 0'>
   <div class='ocr_carea' id='block_1_1' title="bbox 474 748 529 797">
    <p class='ocr_par' dir='ltr' id='par_1_1' title="bbox 474 748 529 797">
     <span class='ocr_line' id='line_1_1' title="bbox 474 748 529 797; baseline 0 0"><span class='ocrx_word' id='word_1_1' title='bbox 474 748 529 797; x_wconf 79' lang='lat'><strong>250</strong></span> 
     </span>
    </p>
   </div>
   <div class='ocr_carea' id='block_1_2' title="bbox 437 859 1249 3474">
    <p class='ocr_par' dir='ltr' id='par_1_2' title="bbox 437 859 1249 2337">
     <span class='ocr_line' id='line_1_2' title="bbox 454 859 1227 942; baseline -0.012 -18"><span class='ocrx_word' id='word_1_2' title='bbox 454 870 540 942; x_wconf 67' lang='lat' dir='ltr'><strong>cst),</strong></span> <span class='ocrx_word' id='word_1_3' title='bbox 562 868 681 920; x_wconf 89' lang='lat' dir='ltr'><strong>multum</strong></span> <span class='ocrx_word' id='word_1_4' title='bbox 703 862 851 919; x_wconf 76' lang='lat' dir='ltr'><strong>recessisse</strong></span> <span class='ocrx_word' id='word_1_5' title='bbox 874 859 962 916; x_wconf 89' lang='lat' dir='ltr'><strong>abiis</strong></span> <span class='ocrx_word' id='word_1_6' title='bbox 987 880 1051 936; x_wconf 82' lang='lat' dir='ltr'><strong>qnae</strong></span> <span class='ocrx_word' id='word_1_7' title='bbox 1075 859 1227 936; x_wconf 82' lang='lat' dir='ltr'><strong>Euripides</strong></span> 
     </span>
     <span class='ocr_line' id='line_1_3' title="bbox 472 946 1227 1029; baseline -0.009 -19"><span class='ocrx_word' id='word_1_8' title='bbox 472 952 596 1029; x_wconf 78' lang='lat' dir='ltr'><strong>scripsit.</strong></span> <span class='ocrx_word' id='word_1_9' title='bbox 610 957 716 1007; x_wconf 87' lang='lat' dir='ltr'><strong>Verum</strong></span> <span class='ocrx_word' id='word_1_10' title='bbox 730 970 788 1006; x_wconf 91' lang='lat' dir='ltr'><strong>non</strong></span> <span class='ocrx_word' id='word_1_11' title='bbox 800 947 967 1025; x_wconf 80' lang='lat' dir='ltr'><strong>negligenda</strong></span> <span class='ocrx_word' id='word_1_12' title='bbox 979 959 1045 1003; x_wconf 88' lang='lat' dir='ltr'><strong>sunt</strong></span> <span class='ocrx_word' id='word_1_13' title='bbox 1055 992 1064 1023; x_wconf 86' lang='lat'><strong>,</strong></span> <span class='ocrx_word' id='word_1_14' title='bbox 1076 968 1137 1023; x_wconf 80' lang='lat' dir='ltr'><strong>quae</strong></span> <span class='ocrx_word' id='word_1_15' title='bbox 1151 946 1227 1023; x_wconf 89' lang='lat' dir='ltr'><strong>apud</strong></span> 
     </span>
     <span class='ocr_line' id='line_1_4' title="bbox 437 1035 1229 1114; baseline -0.014 -14"><span class='ocrx_word' id='word_1_16' title='bbox 437 1096 440 1101; x_wconf 85' lang='lat'><strong>.</strong></span> <span class='ocrx_word' id='word_1_17' title='bbox 472 1041 600 1098; x_wconf 91' lang='lat' dir='ltr'><strong>Servium</strong></span> <span class='ocrx_word' id='word_1_18' title='bbox 611 1036 898 1114; x_wconf 84' lang='lat' dir='ltr'><strong>legunturadAEn.V,</strong></span> <span class='ocrx_word' id='word_1_19' title='bbox 910 1038 966 1106; x_wconf 83' lang='lat'><strong>370</strong></span> <span class='ocrx_word' id='word_1_20' title='bbox 978 1057 984 1091; x_wconf 91' lang='lat'><strong>:</strong></span> <span class='ocrx_word' id='word_1_21' title='bbox 995 1037 1088 1092; x_wconf 85' lang='lat' dir='ltr'><strong>«Sane</strong></span> <span class='ocrx_word' id='word_1_22' title='bbox 1097 1035 1142 1091; x_wconf 90' lang='lat' dir='ltr'><strong>hie</strong></span> <span class='ocrx_word' id='word_1_23' title='bbox 1153 1036 1229 1091; x_wconf 86' lang='lat' dir='ltr'><strong>Paris</strong></span> 
     </span>
     <span class='ocr_line' id='line_1_5' title="bbox 474 1123 1228 1183; baseline -0.008 0"><span class='ocrx_word' id='word_1_24' title='bbox 474 1127 630 1183; x_wconf 88' lang='lat' dir='ltr'><strong>secundum</strong></span> <span class='ocrx_word' id='word_1_25' title='bbox 646 1125 751 1182; x_wconf 86' lang='lat' dir='ltr'><strong>Troica</strong></span> <span class='ocrx_word' id='word_1_26' title='bbox 766 1123 890 1181; x_wconf 82' lang='lat' dir='ltr'><strong>Neronis</strong></span> <span class='ocrx_word' id='word_1_27' title='bbox 905 1123 1073 1180; x_wconf 77' lang='lat' dir='ltr'><strong>fortissimus</strong></span> <span class='ocrx_word' id='word_1_28' title='bbox 1089 1123 1142 1180; x_wconf 87' lang='lat' dir='ltr'><strong>luit</strong></span> <span class='ocrx_word' id='word_1_29' title='bbox 1157 1123 1228 1179; x_wconf 88' lang='lat' dir='ltr'><strong>adeo</strong></span> 
     </span>
     <span class='ocr_line' id='line_1_6' title="bbox 473 1212 1229 1289; baseline -0.007 -19"><span class='ocrx_word' id='word_1_30' title='bbox 473 1227 503 1270; x_wconf 93' lang='lat' dir='ltr'><strong>ut</strong></span> <span class='ocrx_word' id='word_1_31' title='bbox 515 1216 543 1270; x_wconf 91' lang='lat' dir='ltr'><strong>iu</strong></span> <span class='ocrx_word' id='word_1_32' title='bbox 560 1213 646 1289; x_wconf 87' lang='lat' dir='ltr'><strong>Troja</strong></span> <span class='ocrx_word' id='word_1_33' title='bbox 657 1212 768 1289; x_wconf 88' lang='lat' dir='ltr'><strong>agonali</strong></span> <span class='ocrx_word' id='word_1_34' title='bbox 778 1212 933 1268; x_wconf 87' lang='lat' dir='ltr'><strong>certamine</strong></span> <span class='ocrx_word' id='word_1_35' title='bbox 947 1223 1095 1287; x_wconf 90' lang='lat' dir='ltr'><strong>superaret</strong></span> <span class='ocrx_word' id='word_1_36' title='bbox 1107 1230 1205 1267; x_wconf 91' lang='lat' dir='ltr'><strong>omues</strong></span> <span class='ocrx_word' id='word_1_37' title='bbox 1221 1251 1229 1278; x_wconf 88' lang='lat'><strong>,</strong></span> 
     </span>
     <span class='ocr_line' id='line_1_7' title="bbox 473 1298 1228 1376; baseline -0.003 -21"><span class='ocrx_word' id='word_1_38' title='bbox 473 1304 565 1376; x_wconf 86' lang='lat' dir='ltr'><strong>ipsum</strong></span> <span class='ocrx_word' id='word_1_39' title='bbox 578 1303 662 1357; x_wconf 92' lang='lat' dir='ltr'><strong>etiam</strong></span> <span class='ocrx_word' id='word_1_40' title='bbox 677 1304 828 1357; x_wconf 79' lang='lat' dir='ltr'><strong>Hectorem</strong></span> <span class='ocrx_word' id='word_1_41' title='bbox 841 1320 848 1353; x_wconf 75' lang='grc' dir='ltr'><strong>ι</strong></span> <span class='ocrx_word' id='word_1_42' title='bbox 862 1298 912 1375; x_wconf 88' lang='lat' dir='ltr'><strong>qui</strong></span> <span class='ocrx_word' id='word_1_43' title='bbox 922 1318 1011 1374; x_wconf 89' lang='lat' dir='ltr'><strong>quum</strong></span> <span class='ocrx_word' id='word_1_44' title='bbox 1023 1298 1111 1354; x_wconf 84' lang='lat' dir='ltr'><strong>iratus</strong></span> <span class='ocrx_word' id='word_1_45' title='bbox 1124 1298 1152 1352; x_wconf 90' lang='lat' dir='ltr'><strong>in</strong></span> <span class='ocrx_word' id='word_1_46' title='bbox 1164 1316 1228 1353; x_wconf 90' lang='lat' dir='ltr'><strong>eunt</strong></span> 
     </span>
     <span class='ocr_line' id='line_1_8' title="bbox 472 1386 1229 1465; baseline -0.004 -22"><span class='ocrx_word' id='word_1_47' title='bbox 472 1391 624 1464; x_wconf 85' lang='lat' dir='ltr'><strong>stringeret</strong></span> <span class='ocrx_word' id='word_1_48' title='bbox 642 1387 786 1465; x_wconf 79' lang='lat' dir='ltr'><strong>gladium,</strong></span> <span class='ocrx_word' id='word_1_49' title='bbox 805 1386 878 1443; x_wconf 83' lang='lat' dir='ltr'><strong>dixit</strong></span> <span class='ocrx_word' id='word_1_50' title='bbox 899 1405 929 1443; x_wconf 90' lang='lat' dir='ltr'><strong>se</strong></span> <span class='ocrx_word' id='word_1_51' title='bbox 942 1405 1003 1442; x_wconf 86' lang='lat' dir='ltr'><strong>esse</strong></span> <span class='ocrx_word' id='word_1_52' title='bbox 1021 1404 1185 1460; x_wconf 85' lang='lat' dir='ltr'><strong>germanum</strong></span> <span class='ocrx_word' id='word_1_53' title='bbox 1201 1397 1229 1440; x_wconf 91' lang='lat' dir='ltr'><strong>et</strong></span> 
     </span>
     <span class='ocr_line' id='line_1_9' title="bbox 471 1472 1229 1552; baseline -0.004 -22"><span class='ocrx_word' id='word_1_54' title='bbox 471 1477 564 1532; x_wconf 90' lang='lat' dir='ltr'><strong>allatis</strong></span> <span class='ocrx_word' id='word_1_55' title='bbox 585 1475 749 1552; x_wconf 81' lang='lat' dir='ltr'><strong>crepundiis</strong></span> <span class='ocrx_word' id='word_1_56' title='bbox 763 1473 913 1551; x_wconf 91' lang='lat' dir='ltr'><strong>probavit,</strong></span> <span class='ocrx_word' id='word_1_57' title='bbox 936 1474 986 1548; x_wconf 91' lang='lat' dir='ltr'><strong>qui</strong></span> <span class='ocrx_word' id='word_1_58' title='bbox 1007 1472 1107 1529; x_wconf 84' lang='lat' dir='ltr'><strong>habitu</strong></span> <span class='ocrx_word' id='word_1_59' title='bbox 1130 1472 1229 1528; x_wconf 88' lang='lat' dir='ltr'><strong>rustici</strong></span> 
     </span>
     <span class='ocr_line' id='line_1_10' title="bbox 472 1559 1228 1636; baseline -0.001 -20"><span class='ocrx_word' id='word_1_60' title='bbox 472 1564 564 1620; x_wconf 87' lang='lat' dir='ltr'><strong>adhuc</strong></span> <span class='ocrx_word' id='word_1_61' title='bbox 579 1564 720 1621; x_wconf 77' lang='lat' dir='ltr'><strong>latebat.»</strong></span> <span class='ocrx_word' id='word_1_62' title='bbox 742 1562 856 1632; x_wconf 89' lang='lat' dir='ltr'><strong>Quibus</strong></span> <span class='ocrx_word' id='word_1_63' title='bbox 878 1562 1013 1617; x_wconf 87' lang='lat' dir='ltr'><strong>convenit</strong></span> <span class='ocrx_word' id='word_1_64' title='bbox 1030 1580 1130 1618; x_wconf 90' lang='lat' dir='ltr'><strong>versus</strong></span> <span class='ocrx_word' id='word_1_65' title='bbox 1153 1559 1228 1636; x_wconf 86' lang='lat' dir='ltr'><strong>apud</strong></span> 
     </span>
     <span class='ocr_line' id='line_1_11' title="bbox 470 1649 1249 1725; baseline 0 -20"><span class='ocrx_word' id='word_1_66' title='bbox 470 1650 607 1707; x_wconf 84' lang='lat' dir='ltr'><strong>Ovidium</strong></span> <span class='ocrx_word' id='word_1_67' title='bbox 622 1655 690 1709; x_wconf 86' lang='lat' dir='ltr'><strong>Her.</strong></span> <span class='ocrx_word' id='word_1_68' title='bbox 711 1653 789 1721; x_wconf 85' lang='lat' dir='ltr'><strong>xvt‚</strong></span> <span class='ocrx_word' id='word_1_69' title='bbox 801 1670 839 1724; x_wconf 88' lang='lat'><strong>90</strong></span> <span class='ocrx_word' id='word_1_70' title='bbox 852 1670 859 1704; x_wconf 76' lang='lat' dir='ltr'><em>z</em></span> <span class='ocrx_word' id='word_1_71' title='bbox 874 1649 998 1724; x_wconf 81' lang='lat' dir='ltr'><strong>«Regius</strong></span> <span class='ocrx_word' id='word_1_72' title='bbox 1018 1667 1160 1725; x_wconf 86' lang='lat' dir='ltr'><strong>agnoscor</strong></span> <span class='ocrx_word' id='word_1_73' title='bbox 1177 1667 1229 1723; x_wconf 88' lang='lat' dir='ltr'><strong>per</strong></span> <span class='ocrx_word' id='word_1_74' title='bbox 1248 1676 1249 1679; x_wconf 38' lang='lat'>¹</span> 
     </span>
     <span class='ocr_line' id='line_1_12' title="bbox 473 1736 1227 1815; baseline -0.003 -23"><span class='ocrx_word' id='word_1_75' title='bbox 473 1750 532 1795; x_wconf 90' lang='lat' dir='ltr'><strong>rata</strong></span> <span class='ocrx_word' id='word_1_76' title='bbox 551 1740 630 1813; x_wconf 84' lang='lat' dir='ltr'><strong>signa</strong></span> <span class='ocrx_word' id='word_1_77' title='bbox 651 1758 752 1815; x_wconf 48' lang='lat' dir='ltr'><strong>puero</strong></span> <span class='ocrx_word' id='word_1_78' title='bbox 766 1736 842 1807; x_wconf 88' lang='lat' dir='ltr'><strong>Quid</strong></span> <span class='ocrx_word' id='word_1_79' title='bbox 855 1738 967 1793; x_wconf 77' lang='lat' dir='ltr'><strong>multa?</strong></span> <span class='ocrx_word' id='word_1_80' title='bbox 982 1736 1143 1793; x_wconf 85' lang='lat' dir='ltr'><strong>Mirandum</strong></span> <span class='ocrx_word' id='word_1_81' title='bbox 1164 1746 1227 1807; x_wconf 89' lang='lat' dir='ltr'><strong>est,</strong></span> 
     </span>
     <span class='ocr_line' id='line_1_13' title="bbox 471 1825 1229 1902; baseline -0.004 -21"><span class='ocrx_word' id='word_1_82' title='bbox 471 1826 550 1901; x_wconf 91' lang='lat' dir='ltr'><strong>qnod</strong></span> <span class='ocrx_word' id='word_1_83' title='bbox 566 1828 646 1902; x_wconf 89' lang='lat' dir='ltr'><strong>signa</strong></span> <span class='ocrx_word' id='word_1_84' title='bbox 659 1828 711 1882; x_wconf 89' lang='lat' dir='ltr'><strong>ista</strong></span> <span class='ocrx_word' id='word_1_85' title='bbox 727 1825 804 1901; x_wconf 91' lang='lat' dir='ltr'><strong>apud</strong></span> <span class='ocrx_word' id='word_1_86' title='bbox 820 1825 973 1901; x_wconf 86' lang='lat' dir='ltr'><strong>scriptores</strong></span> <span class='ocrx_word' id='word_1_87' title='bbox 987 1827 1134 1880; x_wconf 85' lang='lat' dir='ltr'><strong>Romanos</strong></span> <span class='ocrx_word' id='word_1_88' title='bbox 1146 1842 1229 1899; x_wconf 89' lang='lat' dir='ltr'><strong>repe-</strong></span> 
     </span>
     <span class='ocr_line' id='line_1_14' title="bbox 473 1911 1227 1991; baseline 0 -22"><span class='ocrx_word' id='word_1_89' title='bbox 473 1915 596 1974; x_wconf 88' lang='lat' dir='ltr'><strong>riuntur.</strong></span> <span class='ocrx_word' id='word_1_90' title='bbox 613 1915 753 1991; x_wconf 86' lang='lat' dir='ltr'><strong>Conjieias</strong></span> <span class='ocrx_word' id='word_1_91' title='bbox 767 1934 801 1971; x_wconf 89' lang='lat' dir='ltr'><strong>ea</strong></span> <span class='ocrx_word' id='word_1_92' title='bbox 822 1914 945 1989; x_wconf 90' lang='lat' dir='ltr'><strong>primum</strong></span> <span class='ocrx_word' id='word_1_93' title='bbox 963 1912 1094 1990; x_wconf 88' lang='lat' dir='ltr'><strong>Euripidi</strong></span> <span class='ocrx_word' id='word_1_94' title='bbox 1111 1911 1227 1984; x_wconf 86' lang='lat' dir='ltr'><strong>deberi,</strong></span> 
     </span>
     <span class='ocr_line' id='line_1_15' title="bbox 473 2000 1228 2076; baseline 0.003 -22"><span class='ocrx_word' id='word_1_95' title='bbox 473 2001 576 2057; x_wconf 88' lang='lat' dir='ltr'><strong>deinde</strong></span> <span class='ocrx_word' id='word_1_96' title='bbox 588 2000 625 2056; x_wconf 93' lang='lat' dir='ltr'><strong>ab</strong></span> <span class='ocrx_word' id='word_1_97' title='bbox 637 2002 732 2057; x_wconf 82' lang='lat' dir='ltr'><strong>Ennio</strong></span> <span class='ocrx_word' id='word_1_98' title='bbox 750 2012 863 2076; x_wconf 87' lang='lat' dir='ltr'><strong>recepta</strong></span> <span class='ocrx_word' id='word_1_99' title='bbox 880 2012 966 2076; x_wconf 88' lang='lat' dir='ltr'><strong>atque</strong></span> <span class='ocrx_word' id='word_1_100' title='bbox 980 2000 1020 2055; x_wconf 87' lang='lat' dir='ltr'><strong>ita</strong></span> <span class='ocrx_word' id='word_1_101' title='bbox 1036 2020 1097 2056; x_wconf 90' lang='lat' dir='ltr'><strong>esse</strong></span> <span class='ocrx_word' id='word_1_102' title='bbox 1111 2000 1145 2056; x_wconf 92' lang='lat' dir='ltr'><strong>ad</strong></span> <span class='ocrx_word' id='word_1_103' title='bbox 1162 2000 1228 2057; x_wconf 88' lang='lat' dir='ltr'><strong>reli-</strong></span> 
     </span>
     <span class='ocr_line' id='line_1_16' title="bbox 471 2080 1229 2165; baseline 0.003 -23"><span class='ocrx_word' id='word_1_104' title='bbox 471 2109 545 2163; x_wconf 77' lang='lat' dir='ltr'><strong>quos</strong></span> <span class='ocrx_word' id='word_1_105' title='bbox 559 2090 713 2163; x_wconf 79' lang='lat' dir='ltr'><strong>scriptores</strong></span> <span class='ocrx_word' id='word_1_106' title='bbox 728 2101 894 2165; x_wconf 69' lang='lat' dir='ltr'><strong>{tropagata</strong></span> <span class='ocrx_word' id='word_1_107' title='bbox 908 2095 948 2145; x_wconf 79' lang='lat' dir='ltr'><strong>Ac</strong></span> <span class='ocrx_word' id='word_1_108' title='bbox 961 2080 1031 2144; x_wconf 75' lang='lat' dir='ltr'><strong>sunt</strong></span> <span class='ocrx_word' id='word_1_109' title='bbox 1041 2088 1089 2144; x_wconf 90' lang='lat' dir='ltr'><strong>illa</strong></span> <span class='ocrx_word' id='word_1_110' title='bbox 1105 2108 1229 2164; x_wconf 86' lang='lat' dir='ltr'><strong>crepun-</strong></span> 
     </span>
     <span class='ocr_line' id='line_1_17' title="bbox 472 2173 1228 2252; baseline 0.003 -25"><span class='ocrx_word' id='word_1_111' title='bbox 472 2175 519 2230; x_wconf 91' lang='lat' dir='ltr'><strong>dia</strong></span> <span class='ocrx_word' id='word_1_112' title='bbox 535 2175 697 2247; x_wconf 87' lang='lat' dir='ltr'><strong>ejusmodi,</strong></span> <span class='ocrx_word' id='word_1_113' title='bbox 712 2188 744 2231; x_wconf 95' lang='grc' dir='ltr'><strong>ιιι</strong></span> <span class='ocrx_word' id='word_1_114' title='bbox 759 2176 840 2231; x_wconf 88' lang='lat' dir='ltr'><strong>lacile</strong></span> <span class='ocrx_word' id='word_1_115' title='bbox 857 2173 1001 2231; x_wconf 79' lang='lat' dir='ltr'><strong>adscribas</strong></span> <span class='ocrx_word' id='word_1_116' title='bbox 1015 2176 1157 2252; x_wconf 88' lang='lat' dir='ltr'><strong>Euripidi,</strong></span> <span class='ocrx_word' id='word_1_117' title='bbox 1170 2196 1228 2251; x_wconf 83' lang='lat' dir='ltr'><strong>quo</strong></span> 
     </span>
     <span class='ocr_line' id='line_1_18' title="bbox 472 2260 867 2337; baseline 0.003 -22"><span class='ocrx_word' id='word_1_118' title='bbox 472 2282 556 2316; x_wconf 90' lang='lat' dir='ltr'><strong>nemo</strong></span> <span class='ocrx_word' id='word_1_119' title='bbox 571 2263 674 2337; x_wconf 85' lang='lat' dir='ltr'><strong>saepius</strong></span> <span class='ocrx_word' id='word_1_120' title='bbox 689 2260 722 2317; x_wconf 90' lang='lat' dir='ltr'><strong>iis</strong></span> <span class='ocrx_word' id='word_1_121' title='bbox 736 2281 804 2318; x_wconf 90' lang='lat' dir='ltr'><strong>usus</strong></span> <span class='ocrx_word' id='word_1_122' title='bbox 817 2274 867 2318; x_wconf 88' lang='lat' dir='ltr'><strong>est.</strong></span> 
     </span>
    </p>

    <p class='ocr_par' dir='ltr' id='par_1_3' title="bbox 468 2350 1229 3122">
     <span class='ocr_line' id='line_1_19' title="bbox 511 2350 1229 2426; baseline 0.007 -23"><span class='ocrx_word' id='word_1_123' title='bbox 511 2354 583 2417; x_wconf 83' lang='lat' dir='ltr'><strong>Quae</strong></span> <span class='ocrx_word' id='word_1_124' title='bbox 603 2350 785 2424; x_wconf 86' lang='lat' dir='ltr'><strong>exposuimus</strong></span> <span class='ocrx_word' id='word_1_125' title='bbox 802 2351 824 2405; x_wconf 92' lang='lat' dir='ltr'><strong>si</strong></span> <span class='ocrx_word' id='word_1_126' title='bbox 850 2369 866 2405; x_wconf 86' lang='lat' dir='ltr'><strong>a</strong></span> <span class='ocrx_word' id='word_1_127' title='bbox 890 2350 1009 2407; x_wconf 88' lang='lat' dir='ltr'><strong>veritate</strong></span> <span class='ocrx_word' id='word_1_128' title='bbox 1032 2370 1087 2405; x_wconf 93' lang='lat' dir='ltr'><strong>nou</strong></span> <span class='ocrx_word' id='word_1_129' title='bbox 1112 2370 1229 2426; x_wconf 87' lang='lat' dir='ltr'><strong>prorsus</strong></span> 
     </span>
     <span class='ocr_line' id='line_1_20' title="bbox 471 2433 1227 2512; baseline 0.008 -24"><span class='ocrx_word' id='word_1_130' title='bbox 471 2433 644 2505; x_wconf 91' lang='lat' dir='ltr'><strong>abhorrent,</strong></span> <span class='ocrx_word' id='word_1_131' title='bbox 667 2448 889 2492; x_wconf 87' lang='lat' dir='ltr'><strong>eortseutaneum</strong></span> <span class='ocrx_word' id='word_1_132' title='bbox 917 2436 1032 2493; x_wconf 91' lang='lat' dir='ltr'><strong>videtur</strong></span> <span class='ocrx_word' id='word_1_133' title='bbox 1059 2437 1227 2512; x_wconf 78' lang='lat' dir='ltr'><strong>mythogra-</strong></span> 
     </span>
     <span class='ocr_line' id='line_1_21' title="bbox 472 2520 1228 2599; baseline 0.005 -22"><span class='ocrx_word' id='word_1_134' title='bbox 472 2520 545 2597; x_wconf 89' lang='lat' dir='ltr'><strong>phos</strong></span> <span class='ocrx_word' id='word_1_135' title='bbox 559 2522 700 2597; x_wconf 77' lang='lat' dir='ltr'><strong>Hyginum</strong></span> <span class='ocrx_word' id='word_1_136' title='bbox 709 2535 737 2579; x_wconf 89' lang='lat' dir='ltr'><strong>et</strong></span> <span class='ocrx_word' id='word_1_137' title='bbox 751 2522 958 2599; x_wconf 81' lang='lat' dir='ltr'><strong>Apollodorum</strong></span> <span class='ocrx_word' id='word_1_138' title='bbox 972 2544 1023 2580; x_wconf 91' lang='lat' dir='ltr'><strong>sua</strong></span> <span class='ocrx_word' id='word_1_139' title='bbox 1033 2544 1089 2580; x_wconf 94' lang='lat' dir='ltr'><strong>non</strong></span> <span class='ocrx_word' id='word_1_140' title='bbox 1099 2523 1136 2580; x_wconf 87' lang='lat' dir='ltr'><strong>ah</strong></span> <span class='ocrx_word' id='word_1_141' title='bbox 1146 2526 1228 2581; x_wconf 81' lang='lat' dir='ltr'><strong>Enri-</strong></span> 
     </span>
     <span class='ocr_line' id='line_1_22' title="bbox 471 2608 1228 2687; baseline 0.009 -25"><span class='ocrx_word' id='word_1_142' title='bbox 471 2608 538 2682; x_wconf 87' lang='lat' dir='ltr'><strong>pide</strong></span> <span class='ocrx_word' id='word_1_143' title='bbox 550 2610 704 2685; x_wconf 81' lang='lat' dir='ltr'><strong>accepisse,</strong></span> <span class='ocrx_word' id='word_1_144' title='bbox 719 2609 768 2667; x_wconf 92' lang='lat' dir='ltr'><strong>sed</strong></span> <span class='ocrx_word' id='word_1_145' title='bbox 781 2610 888 2667; x_wconf 80' lang='lat' dir='ltr'><strong>referre</strong></span> <span class='ocrx_word' id='word_1_146' title='bbox 902 2611 1064 2686; x_wconf 85' lang='lat' dir='ltr'><strong>atrtiquiora</strong></span> <span class='ocrx_word' id='word_1_147' title='bbox 1087 2613 1183 2687; x_wconf 88' lang='lat' dir='ltr'><strong>potius</strong></span> <span class='ocrx_word' id='word_1_148' title='bbox 1200 2627 1228 2669; x_wconf 88' lang='lat' dir='ltr'><strong>et</strong></span> 
     </span>
     <span class='ocr_line' id='line_1_23' title="bbox 472 2694 1226 2774; baseline 0.009 -24"><span class='ocrx_word' id='word_1_149' title='bbox 472 2694 590 2753; x_wconf 78' lang='lat' dir='ltr'><strong>tor-usse</strong></span> <span class='ocrx_word' id='word_1_150' title='bbox 603 2718 636 2753; x_wconf 92' lang='lat' dir='ltr'><strong>ea</strong></span> <span class='ocrx_word' id='word_1_151' title='bbox 653 2698 713 2773; x_wconf 89' lang='lat' dir='ltr'><strong>ipsa</strong></span> <span class='ocrx_word' id='word_1_152' title='bbox 729 2718 793 2773; x_wconf 84' lang='lat' dir='ltr'><strong>‹prae</strong></span> <span class='ocrx_word' id='word_1_153' title='bbox 809 2698 945 2774; x_wconf 83' lang='lat' dir='ltr'><strong>Sophocli</strong></span> <span class='ocrx_word' id='word_1_154' title='bbox 968 2698 1137 2756; x_wconf 85' lang='lat' dir='ltr'><strong>vindicanda</strong></span> <span class='ocrx_word' id='word_1_155' title='bbox 1152 2712 1226 2757; x_wconf 89' lang='lat' dir='ltr'><strong>sunt.</strong></span> 
     </span>
     <span class='ocr_line' id='line_1_24' title="bbox 470 2783 1226 2861; baseline 0.005 -24"><span class='ocrx_word' id='word_1_156' title='bbox 470 2783 553 2855; x_wconf 84' lang='lat' dir='ltr'><strong>Quod</strong></span> <span class='ocrx_word' id='word_1_157' title='bbox 577 2787 608 2840; x_wconf 89' lang='lat' dir='ltr'><strong>lit</strong></span> <span class='ocrx_word' id='word_1_158' title='bbox 628 2784 809 2860; x_wconf 88' lang='lat' dir='ltr'><strong>probabilius</strong></span> <span class='ocrx_word' id='word_1_159' title='bbox 836 2785 1007 2842; x_wconf 86' lang='lat' dir='ltr'><strong>attetoritate</strong></span> <span class='ocrx_word' id='word_1_160' title='bbox 1030 2786 1226 2861; x_wconf 77' lang='lat' dir='ltr'><strong>Asclepiadis,</strong></span> 
     </span>
     <span class='ocr_line' id='line_1_25' title="bbox 470 2871 1227 2949; baseline 0.008 -24"><span class='ocrx_word' id='word_1_161' title='bbox 470 2871 520 2946; x_wconf 87' lang='lat' dir='ltr'><strong>qui</strong></span> <span class='ocrx_word' id='word_1_162' title='bbox 533 2891 705 2948; x_wconf 85' lang='lat' dir='ltr'><strong>quamquam</strong></span> <span class='ocrx_word' id='word_1_163' title='bbox 719 2892 809 2949; x_wconf 66' lang='lat' dir='ltr'><strong>{rauca</strong></span> <span class='ocrx_word' id='word_1_164' title='bbox 819 2872 914 2945; x_wconf 84' lang='lat' dir='ltr'><strong>habet,</strong></span> <span class='ocrx_word' id='word_1_165' title='bbox 930 2886 1020 2929; x_wconf 85' lang='lat' dir='ltr'><strong>tanreu</strong></span> <span class='ocrx_word' id='word_1_166' title='bbox 1032 2892 1096 2928; x_wconf 89' lang='lat' dir='ltr'><strong>cum</strong></span> <span class='ocrx_word' id='word_1_167' title='bbox 1111 2874 1145 2930; x_wconf 90' lang='lat' dir='ltr'><strong>iis</strong></span> <span class='ocrx_word' id='word_1_168' title='bbox 1156 2894 1227 2931; x_wconf 79' lang='lat' dir='ltr'><strong>con-</strong></span> 
     </span>
     <span class='ocr_line' id='line_1_26' title="bbox 469 2958 1227 3037; baseline 0.011 -26"><span class='ocrx_word' id='word_1_169' title='bbox 469 2958 559 3015; x_wconf 86' lang='lat' dir='ltr'><strong>ciliari</strong></span> <span class='ocrx_word' id='word_1_170' title='bbox 576 2980 633 3015; x_wconf 91' lang='lat' dir='ltr'><strong>uon</strong></span> <span class='ocrx_word' id='word_1_171' title='bbox 653 2972 762 3035; x_wconf 83' lang='lat' dir='ltr'><strong>potest,</strong></span> <span class='ocrx_word' id='word_1_172' title='bbox 777 2980 840 3034; x_wconf 75' lang='lat' dir='ltr'><strong>quae</strong></span> <span class='ocrx_word' id='word_1_173' title='bbox 855 2980 940 3037; x_wconf 90' lang='lat' dir='ltr'><strong>supra</strong></span> <span class='ocrx_word' id='word_1_174' title='bbox 962 2980 996 3016; x_wconf 85' lang='lat' dir='ltr'><strong>ex</strong></span> <span class='ocrx_word' id='word_1_175' title='bbox 1013 2959 1157 3035; x_wconf 83' lang='lat' dir='ltr'><strong>Euripidis</strong></span> <span class='ocrx_word' id='word_1_176' title='bbox 1175 2981 1227 3019; x_wconf 83' lang='lat' dir='ltr'><strong>utt-</strong></span> 
     </span>
     <span class='ocr_line' id='line_1_27' title="bbox 468 3048 966 3122; baseline 0.014 -21"><span class='ocrx_word' id='word_1_177' title='bbox 468 3048 603 3104; x_wconf 89' lang='lat' dir='ltr'><strong>ctoritate</strong></span> <span class='ocrx_word' id='word_1_178' title='bbox 618 3049 776 3105; x_wconf 86' lang='lat' dir='ltr'><strong>retulimus.</strong></span> <span class='ocrx_word' id='word_1_179' title='bbox 964 3117 966 3122; x_wconf 28' lang='grc' dir='ltr'>Ι</span> 
     </span>
    </p>

    <p class='ocr_par' dir='ltr' id='par_1_4' title="bbox 468 3134 1226 3474">
     <span class='ocr_line' id='line_1_28' title="bbox 507 3134 1226 3211; baseline 0.006 -21"><span class='ocrx_word' id='word_1_180' title='bbox 507 3134 659 3209; x_wconf 83' lang='lat' dir='ltr'><strong>Tragoedia</strong></span> <span class='ocrx_word' id='word_1_181' title='bbox 674 3136 825 3211; x_wconf 84' lang='lat' dir='ltr'><strong>Sophoclis</strong></span> <span class='ocrx_word' id='word_1_182' title='bbox 840 3149 932 3193; x_wconf 89' lang='lat' dir='ltr'><strong>autem</strong></span> <span class='ocrx_word' id='word_1_183' title='bbox 945 3137 1042 3211; x_wconf 81' lang='lat' dir='ltr'><strong>qualis</strong></span> <span class='ocrx_word' id='word_1_184' title='bbox 1052 3136 1152 3207; x_wconf 83' lang='lat' dir='ltr'><strong>luerit,</strong></span> <span class='ocrx_word' id='word_1_185' title='bbox 1168 3157 1226 3194; x_wconf 90' lang='lat' dir='ltr'><strong>non</strong></span> 
     </span>
     <span class='ocr_line' id='line_1_29' title="bbox 470 3222 1225 3297; baseline 0.009 -22"><span class='ocrx_word' id='word_1_186' title='bbox 470 3222 553 3277; x_wconf 86' lang='lat' dir='ltr'><strong>laeile</strong></span> <span class='ocrx_word' id='word_1_187' title='bbox 565 3223 629 3297; x_wconf 90' lang='lat' dir='ltr'><strong>quis</strong></span> <span class='ocrx_word' id='word_1_188' title='bbox 646 3222 826 3280; x_wconf 83' lang='lat' dir='ltr'><strong>divinaverit.</strong></span> <span class='ocrx_word' id='word_1_189' title='bbox 839 3223 960 3280; x_wconf 79' lang='lat' dir='ltr'><strong>Videtur</strong></span> <span class='ocrx_word' id='word_1_190' title='bbox 981 3236 1075 3280; x_wconf 77' lang='lat' dir='ltr'><strong>tuanen</strong></span> <span class='ocrx_word' id='word_1_191' title='bbox 1096 3227 1225 3284; x_wconf 77' lang='lat' dir='ltr'><strong>trtruuihil</strong></span> 
     </span>
     <span class='ocr_line' id='line_1_30' title="bbox 468 3308 1225 3388; baseline 0.013 -25"><span class='ocrx_word' id='word_1_192' title='bbox 468 3309 563 3384; x_wconf 81' lang='lat' dir='ltr'><strong>colligi</strong></span> <span class='ocrx_word' id='word_1_193' title='bbox 583 3329 667 3385; x_wconf 85' lang='lat' dir='ltr'><strong>posse</strong></span> <span class='ocrx_word' id='word_1_194' title='bbox 685 3331 721 3366; x_wconf 91' lang='lat' dir='ltr'><strong>ex</strong></span> <span class='ocrx_word' id='word_1_195' title='bbox 738 3313 841 3386; x_wconf 82' lang='lat' dir='ltr'><strong>Hygini</strong></span> <span class='ocrx_word' id='word_1_196' title='bbox 859 3324 887 3367; x_wconf 90' lang='lat' dir='ltr'><strong>et</strong></span> <span class='ocrx_word' id='word_1_197' title='bbox 904 3311 1067 3388; x_wconf 78' lang='lat' dir='ltr'><strong>Apollodori</strong></span> <span class='ocrx_word' id='word_1_198' title='bbox 1084 3308 1225 3385; x_wconf 71' lang='lat' dir='ltr'><strong>verbis,a</strong></span> 
     </span>
     <span class='ocr_line' id='line_1_31' title="bbox 468 3395 1225 3474; baseline 0.015 -27"><span class='ocrx_word' id='word_1_199' title='bbox 468 3395 574 3473; x_wconf 83' lang='lat' dir='ltr'><strong>quihus</strong></span> <span class='ocrx_word' id='word_1_200' title='bbox 595 3396 749 3472; x_wconf 83' lang='lat' dir='ltr'><strong>fragmenta</strong></span> <span class='ocrx_word' id='word_1_201' title='bbox 766 3398 908 3474; x_wconf 82' lang='lat' dir='ltr'><strong>tragcediae</strong></span> <span class='ocrx_word' id='word_1_202' title='bbox 930 3419 987 3453; x_wconf 90' lang='lat' dir='ltr'><strong>uon</strong></span> <span class='ocrx_word' id='word_1_203' title='bbox 1008 3397 1162 3456; x_wconf 87' lang='lat' dir='ltr'><strong>abhorrere</strong></span> <span class='ocrx_word' id='word_1_204' title='bbox 1178 3403 1225 3458; x_wconf 93' lang='lat' dir='ltr'><strong>vi-</strong></span> 
     </span>
    </p>
   </div>
   <div class='ocr_carea' id='block_1_3' title="bbox 1018 728 1497 791">
    <p class='ocr_par' dir='ltr' id='par_1_5' title="bbox 1018 728 1497 791">
     <span class='ocr_line' id='line_1_32' title="bbox 1018 728 1497 791; baseline 0.008 -4"><span class='ocrx_word' id='word_1_205' title='bbox 1018 730 1227 787; x_wconf 75' lang='lat' dir='ltr'><strong>sot&#39;ttueus</strong></span> <span class='ocrx_word' id='word_1_206' title='bbox 1249 728 1497 791; x_wconf 76' lang='lat' dir='ltr'><strong>FRAGMENTA.</strong></span> 
     </span>
    </p>
   </div>
   <div class='ocr_carea' id='block_1_4' title="bbox 1279 864 2004 1649">
    <p class='ocr_par' dir='ltr' id='par_1_6' title="bbox 1280 864 2004 1125">
     <span class='ocr_line' id='line_1_33' title="bbox 1281 864 2002 947; baseline 0.032 -32"><span class='ocrx_word' id='word_1_207' title='bbox 1281 864 1358 919; x_wconf 87' lang='lat' dir='ltr'><strong>Paris</strong></span> <span class='ocrx_word' id='word_1_208' title='bbox 1371 878 1459 936; x_wconf 87' lang='lat' dir='ltr'><strong>esset,</strong></span> <span class='ocrx_word' id='word_1_209' title='bbox 1475 870 1572 927; x_wconf 86' lang='lat' dir='ltr'><strong>saltem</strong></span> <span class='ocrx_word' id='word_1_210' title='bbox 1588 892 1661 947; x_wconf 90' lang='lat' dir='ltr'><strong>opus</strong></span> <span class='ocrx_word' id='word_1_211' title='bbox 1677 894 1732 931; x_wconf 85' lang='lat' dir='ltr'><strong>trun</strong></span> <span class='ocrx_word' id='word_1_212' title='bbox 1751 878 1803 934; x_wconf 86' lang='lat' dir='ltr'><strong>luit</strong></span> <span class='ocrx_word' id='word_1_213' title='bbox 1817 882 1937 939; x_wconf 74' lang='lat' dir='ltr'><strong>rath-inin</strong></span> <span class='ocrx_word' id='word_1_214' title='bbox 1949 892 2002 941; x_wconf 46' lang='lat' dir='ltr'><strong>tn.</strong></span> 
     </span>
     <span class='ocr_line' id='line_1_34' title="bbox 1280 950 2004 1042; baseline 0.036 -40"><span class='ocrx_word' id='word_1_215' title='bbox 1280 950 1409 1024; x_wconf 80' lang='lat' dir='ltr'><strong>sandrae,</strong></span> <span class='ocrx_word' id='word_1_216' title='bbox 1425 956 1504 1031; x_wconf 87' lang='lat' dir='ltr'><strong>quod</strong></span> <span class='ocrx_word' id='word_1_217' title='bbox 1522 958 1588 1015; x_wconf 90' lang='lat' dir='ltr'><strong>ideo</strong></span> <span class='ocrx_word' id='word_1_218' title='bbox 1602 961 1722 1020; x_wconf 80' lang='lat' dir='ltr'><strong>sortasse</strong></span> <span class='ocrx_word' id='word_1_219' title='bbox 1733 966 1884 1042; x_wconf 83' lang='lat' dir='ltr'><strong>Euripides</strong></span> <span class='ocrx_word' id='word_1_220' title='bbox 1895 972 1944 1027; x_wconf 90' lang='lat' dir='ltr'><strong>alio</strong></span> <span class='ocrx_word' id='word_1_221' title='bbox 1956 976 2004 1029; x_wconf 79' lang='lat' dir='ltr'><strong>hm·</strong></span> 
     </span>
     <span class='ocr_line' id='line_1_35' title="bbox 1281 1038 1995 1125; baseline 0.032 -33"><span class='ocrx_word' id='word_1_222' title='bbox 1281 1038 1393 1111; x_wconf 87' lang='lat' dir='ltr'><strong>posuit,</strong></span> <span class='ocrx_word' id='word_1_223' title='bbox 1406 1044 1472 1117; x_wconf 87' lang='lat' dir='ltr'><strong>quia</strong></span> <span class='ocrx_word' id='word_1_224' title='bbox 1486 1046 1526 1101; x_wconf 91' lang='lat' dir='ltr'><strong>uti</strong></span> <span class='ocrx_word' id='word_1_225' title='bbox 1538 1067 1572 1103; x_wconf 89' lang='lat' dir='ltr'><strong>eo</strong></span> <span class='ocrx_word' id='word_1_226' title='bbox 1583 1048 1611 1105; x_wconf 94' lang='lat' dir='ltr'><strong>in</strong></span> <span class='ocrx_word' id='word_1_227' title='bbox 1625 1052 1807 1125; x_wconf 88' lang='lat' dir='ltr'><strong>agnoscendo</strong></span> <span class='ocrx_word' id='word_1_228' title='bbox 1818 1057 1911 1113; x_wconf 84' lang='lat' dir='ltr'><strong>Paride</strong></span> <span class='ocrx_word' id='word_1_229' title='bbox 1924 1060 1995 1117; x_wconf 89' lang='lat' dir='ltr'><strong>noluit</strong></span> 
     </span>
    </p>

    <p class='ocr_par' dir='ltr' id='par_1_7' title="bbox 1279 1126 2004 1649">
     <span class='ocr_line' id='line_1_36' title="bbox 1320 1126 2001 1213; baseline 0.031 -32"><span class='ocrx_word' id='word_1_230' title='bbox 1320 1126 1351 1183; x_wconf 86' lang='lat' dir='ltr'><strong>si</strong></span> <span class='ocrx_word' id='word_1_231' title='bbox 1370 1128 1525 1205; x_wconf 80' lang='lat' dir='ltr'><strong>lragtnenta</strong></span> <span class='ocrx_word' id='word_1_232' title='bbox 1543 1137 1685 1211; x_wconf 68' lang='lat' dir='ltr'><strong>tragoediis</strong></span> <span class='ocrx_word' id='word_1_233' title='bbox 1702 1140 1788 1213; x_wconf 80' lang='lat' dir='ltr'><strong>paulo</strong></span> <span class='ocrx_word' id='word_1_234' title='bbox 1808 1147 2001 1203; x_wconf 76' lang='lat' dir='ltr'><strong>accuratinset-</strong></span> 
     </span>
     <span class='ocr_line' id='line_1_37' title="bbox 1281 1211 2003 1293; baseline 0.03 -28"><span class='ocrx_word' id='word_1_235' title='bbox 1281 1211 1451 1287; x_wconf 88' lang='lat' dir='ltr'><strong>plorantur,</strong></span> <span class='ocrx_word' id='word_1_236' title='bbox 1466 1220 1594 1293; x_wconf 80' lang='lat' dir='ltr'><strong>quaedrun</strong></span> <span class='ocrx_word' id='word_1_237' title='bbox 1610 1224 1744 1281; x_wconf 91' lang='lat' dir='ltr'><strong>videntur</strong></span> <span class='ocrx_word' id='word_1_238' title='bbox 1758 1226 1881 1287; x_wconf 84' lang='lat' dir='ltr'><strong>indicare</strong></span> <span class='ocrx_word' id='word_1_239' title='bbox 1900 1232 2003 1289; x_wconf 84' lang='lat' dir='ltr'><strong>l&#39;ariden</strong></span> 
     </span>
     <span class='ocr_line' id='line_1_38' title="bbox 1280 1309 2004 1391; baseline 0.032 -38"><span class='ocrx_word' id='word_1_240' title='bbox 1280 1316 1468 1375; x_wconf 85' lang='lat' dir='ltr'><strong>conquestum</strong></span> <span class='ocrx_word' id='word_1_241' title='bbox 1485 1328 1545 1365; x_wconf 86' lang='lat' dir='ltr'><strong>esse</strong></span> <span class='ocrx_word' id='word_1_242' title='bbox 1561 1309 1597 1365; x_wconf 95' lang='lat' dir='ltr'><strong>de</strong></span> <span class='ocrx_word' id='word_1_243' title='bbox 1616 1324 1699 1367; x_wconf 82' lang='lat' dir='ltr'><strong>tauro</strong></span> <span class='ocrx_word' id='word_1_244' title='bbox 1715 1327 1801 1391; x_wconf 84' lang='lat' dir='ltr'><strong>rapto</strong></span> <span class='ocrx_word' id='word_1_245' title='bbox 1818 1330 1845 1373; x_wconf 89' lang='lat' dir='ltr'><strong>et</strong></span> <span class='ocrx_word' id='word_1_246' title='bbox 1860 1322 2004 1387; x_wconf 75' lang='lat' dir='ltr'><strong>certamine,</strong></span> 
     </span>
     <span class='ocr_line' id='line_1_39' title="bbox 1280 1389 2004 1481; baseline 0.03 -39"><span class='ocrx_word' id='word_1_247' title='bbox 1280 1389 1358 1462; x_wconf 84' lang='lat' dir='ltr'><strong>quod</strong></span> <span class='ocrx_word' id='word_1_248' title='bbox 1382 1391 1540 1451; x_wconf 87' lang='lat' dir='ltr'><strong>insecutum</strong></span> <span class='ocrx_word' id='word_1_249' title='bbox 1565 1398 1608 1453; x_wconf 85' lang='lat' dir='ltr'><strong>sit.</strong></span> <span class='ocrx_word' id='word_1_250' title='bbox 1635 1404 1696 1457; x_wconf 91' lang='lat' dir='ltr'><strong>Huc</strong></span> <span class='ocrx_word' id='word_1_251' title='bbox 1714 1402 1859 1461; x_wconf 80' lang='lat' dir='ltr'><strong>retulerim</strong></span> <span class='ocrx_word' id='word_1_252' title='bbox 1881 1426 1938 1481; x_wconf 74' lang='lat' dir='ltr'><strong>que</strong></span> <span class='ocrx_word' id='word_1_253' title='bbox 1956 1414 2004 1463; x_wconf 81' lang='lat' dir='ltr'><strong>Ste-</strong></span> 
     </span>
     <span class='ocr_line' id='line_1_40' title="bbox 1282 1474 2004 1557; baseline 0.026 -28"><span class='ocrx_word' id='word_1_254' title='bbox 1282 1474 1394 1549; x_wconf 86' lang='lat' dir='ltr'><strong>phuttus</strong></span> <span class='ocrx_word' id='word_1_255' title='bbox 1407 1479 1495 1537; x_wconf 87' lang='lat' dir='ltr'><strong>habet</strong></span> <span class='ocrx_word' id='word_1_256' title='bbox 1510 1484 1537 1540; x_wconf 93' lang='lat' dir='ltr'><strong>iu</strong></span> <span class='ocrx_word' id='word_1_257' title='bbox 1552 1480 1630 1541; x_wconf 75' lang='grc' dir='ltr'>Ἀστν</span> <span class='ocrx_word' id='word_1_258' title='bbox 1702 1487 1754 1545; x_wconf 81' lang='grc' dir='ltr'><strong>ἀπὸ</strong></span> <span class='ocrx_word' id='word_1_259' title='bbox 1769 1496 1815 1547; x_wconf 77' lang='grc' dir='ltr'><strong>τοῦ</strong></span> <span class='ocrx_word' id='word_1_260' title='bbox 1831 1492 1904 1557; x_wconf 75' lang='grc' dir='ltr'>ἀστὸς</span> <span class='ocrx_word' id='word_1_261' title='bbox 1915 1493 1940 1549; x_wconf 78' lang='grc' dir='ltr'><strong>τὸ</strong></span> <span class='ocrx_word' id='word_1_262' title='bbox 1949 1494 2004 1551; x_wconf 75' lang='lat' dir='ltr'><strong>tirri-</strong></span> 
     </span>
     <span class='ocr_line' id='line_1_41' title="bbox 1279 1566 1604 1649; baseline 0.025 -29"><span class='ocrx_word' id='word_1_263' title='bbox 1279 1584 1333 1632; x_wconf 75' lang='grc' dir='ltr'>ιης.</span> <span class='ocrx_word' id='word_1_264' title='bbox 1351 1566 1415 1644; x_wconf 72' lang='grc' dir='ltr'><strong>Σοφ.</strong></span> <span class='ocrx_word' id='word_1_265' title='bbox 1432 1567 1604 1649; x_wconf 69' lang='grc' dir='ltr'>Ἀλεξάνδρῳ·</span> 
     </span>
    </p>
   </div>
   <div class='ocr_carea' id='block_1_5' title="bbox 1306 1706 2003 1803">
    <p class='ocr_par' dir='ltr' id='par_1_8' title="bbox 1306 1706 2003 1803">
     <span class='ocr_line' id='line_1_42' title="bbox 1306 1706 2003 1803; baseline 0.016 -37"><span class='ocrx_word' id='word_1_266' title='bbox 1306 1706 1349 1787; x_wconf 89' lang='lat' dir='ltr'><strong>[l]</strong></span> <span class='ocrx_word' id='word_1_267' title='bbox 1366 1708 1411 1771; x_wconf 85' lang='grc' dir='ltr'><strong>Οὐ</strong></span> <span class='ocrx_word' id='word_1_268' title='bbox 1428 1707 1529 1796; x_wconf 78' lang='grc' dir='ltr'>γάρτι</span> <span class='ocrx_word' id='word_1_269' title='bbox 1546 1706 1640 1798; x_wconf 75' lang='lat' dir='ltr'><strong>despit</strong></span> <span class='ocrx_word' id='word_1_270' title='bbox 1657 1716 1750 1773; x_wconf 77' lang='grc' dir='ltr'>τοῖσιν</span> <span class='ocrx_word' id='word_1_271' title='bbox 1764 1712 1900 1789; x_wconf 77' lang='grc' dir='ltr'>ἀστίτιιις</span> <span class='ocrx_word' id='word_1_272' title='bbox 1915 1720 2003 1803; x_wconf 57' lang='grc' dir='ltr'>πρέπει·</span> 
     </span>
    </p>
   </div>
   <div class='ocr_carea' id='block_1_6' title="bbox 1279 1825 1341 1897">
    <p class='ocr_par' dir='ltr' id='par_1_9' title="bbox 1279 1825 1341 1897">
     <span class='ocr_line' id='line_1_43' title="bbox 1279 1825 1341 1897; baseline -0.032 -13"><span class='ocrx_word' id='word_1_273' title='bbox 1279 1825 1322 1884; x_wconf 76' lang='grc' dir='ltr'><strong>καὶ</strong></span> <span class='ocrx_word' id='word_1_274' title='bbox 1334 1872 1341 1897; x_wconf 93' lang='grc'>,</span> 
     </span>
    </p>
   </div>
   <div class='ocr_carea' id='block_1_7' title="bbox 1357 1932 1911 2039">
    <p class='ocr_par' dir='ltr' id='par_1_10' title="bbox 1357 1932 1911 2039">
     <span class='ocr_line' id='line_1_44' title="bbox 1357 1932 1911 2039; baseline 0.014 -31"><span class='ocrx_word' id='word_1_275' title='bbox 1357 1932 1399 2017; x_wconf 80' lang='lat'><strong>[²]</strong></span> <span class='ocrx_word' id='word_1_276' title='bbox 1415 1949 1533 2035; x_wconf 79' lang='grc' dir='ltr'>Βοτῒιρα</span> <span class='ocrx_word' id='word_1_277' title='bbox 1547 1950 1628 2011; x_wconf 78' lang='grc' dir='ltr'>νικᾶν</span> <span class='ocrx_word' id='word_1_278' title='bbox 1646 1944 1758 2039; x_wconf 78' lang='grc' dir='ltr'>ἄνδρας</span> <span class='ocrx_word' id='word_1_279' title='bbox 1776 1950 1911 2033; x_wconf 65' lang='lat' dir='ltr'><strong>doricae,</strong></span> 
     </span>
    </p>
   </div>
   <div class='ocr_carea' id='block_1_8' title="bbox 1278 2080 2002 3472">
    <p class='ocr_par' dir='ltr' id='par_1_11' title="bbox 1278 2080 2002 3472">
     <span class='ocr_line' id='line_1_45' title="bbox 1280 2080 1995 2159; baseline -0.003 -20"><span class='ocrx_word' id='word_1_280' title='bbox 1280 2102 1338 2139; x_wconf 93' lang='lat' dir='ltr'><strong>non</strong></span> <span class='ocrx_word' id='word_1_281' title='bbox 1353 2094 1468 2158; x_wconf 84' lang='lat' dir='ltr'><strong>putasse</strong></span> <span class='ocrx_word' id='word_1_282' title='bbox 1480 2082 1529 2151; x_wconf 90' lang='lat' dir='ltr'><strong>ait,</strong></span> <span class='ocrx_word' id='word_1_283' title='bbox 1543 2082 1592 2155; x_wconf 85' lang='lat' dir='ltr'><strong>qui</strong></span> <span class='ocrx_word' id='word_1_284' title='bbox 1605 2080 1678 2138; x_wconf 84' lang='lat' dir='ltr'><strong>adeo</strong></span> <span class='ocrx_word' id='word_1_285' title='bbox 1691 2082 1768 2159; x_wconf 87' lang='lat' dir='ltr'><strong>leges</strong></span> <span class='ocrx_word' id='word_1_286' title='bbox 1784 2085 1903 2158; x_wconf 77' lang='lat' dir='ltr'><strong>migtnte</strong></span> <span class='ocrx_word' id='word_1_287' title='bbox 1912 2086 1995 2139; x_wconf 81' lang='lat' dir='ltr'><strong>soleam</strong></span> 
     </span>
     <span class='ocr_line' id='line_1_46' title="bbox 1280 2169 2000 2247; baseline -0.003 -20"><span class='ocrx_word' id='word_1_288' title='bbox 1280 2172 1330 2227; x_wconf 89' lang='lat' dir='ltr'><strong>His</strong></span> <span class='ocrx_word' id='word_1_289' title='bbox 1345 2169 1517 2227; x_wconf 88' lang='lat' dir='ltr'><strong>satellitihus</strong></span> <span class='ocrx_word' id='word_1_290' title='bbox 1539 2170 1673 2225; x_wconf 88' lang='lat' dir='ltr'><strong>convenit</strong></span> <span class='ocrx_word' id='word_1_291' title='bbox 1696 2170 1884 2247; x_wconf 75' lang='lat' dir='ltr'><strong>fragmentum</strong></span> <span class='ocrx_word' id='word_1_292' title='bbox 1900 2174 1924 2228; x_wconf 91' lang='lat' dir='ltr'><strong>in</strong></span> <span class='ocrx_word' id='word_1_293' title='bbox 1939 2174 2000 2227; x_wconf 76' lang='lat' dir='ltr'><strong>Bell.</strong></span> 
     </span>
     <span class='ocr_line' id='line_1_47' title="bbox 1280 2258 1999 2336; baseline -0.003 -21"><span class='ocrx_word' id='word_1_294' title='bbox 1280 2258 1434 2315; x_wconf 80' lang='lat' dir='ltr'><strong>Attecdotis</strong></span> <span class='ocrx_word' id='word_1_295' title='bbox 1450 2278 1477 2334; x_wconf 95' lang='lat' dir='ltr'><strong>p.</strong></span> <span class='ocrx_word' id='word_1_296' title='bbox 1498 2259 1563 2325; x_wconf 62' lang='lat'><strong>3523,</strong></span> <span class='ocrx_word' id='word_1_297' title='bbox 1584 2277 1628 2327; x_wconf 91' lang='lat' dir='ltr'><strong>tt,</strong></span> <span class='ocrx_word' id='word_1_298' title='bbox 1644 2258 1686 2335; x_wconf 76' lang='lat'><strong>[3]</strong></span> <span class='ocrx_word' id='word_1_299' title='bbox 1702 2284 1713 2308; x_wconf 73' lang='grc' dir='ltr'>ι</span> <span class='ocrx_word' id='word_1_300' title='bbox 1727 2258 1916 2336; x_wconf 67' lang='grc' dir='ltr'>ἀδικόχειραςν</span> <span class='ocrx_word' id='word_1_301' title='bbox 1926 2262 1954 2322; x_wconf 67' lang='lat' dir='ltr'><strong>te</strong></span> <span class='ocrx_word' id='word_1_302' title='bbox 1965 2260 1999 2315; x_wconf 70' lang='grc' dir='ltr'>Σι</span> 
     </span>
     <span class='ocr_line' id='line_1_48' title="bbox 1279 2344 1993 2423; baseline -0.001 -20"><span class='ocrx_word' id='word_1_303' title='bbox 1279 2348 1384 2423; x_wconf 55' lang='lat' dir='ltr'><strong>porhic.</strong></span> <span class='ocrx_word' id='word_1_304' title='bbox 1397 2351 1439 2401; x_wconf 87' lang='lat' dir='ltr'><strong>De</strong></span> <span class='ocrx_word' id='word_1_305' title='bbox 1455 2345 1571 2419; x_wconf 87' lang='lat' dir='ltr'><strong>reliquis</strong></span> <span class='ocrx_word' id='word_1_306' title='bbox 1582 2344 1746 2420; x_wconf 76' lang='lat' dir='ltr'><strong>fragmentis</strong></span> <span class='ocrx_word' id='word_1_307' title='bbox 1760 2348 1821 2403; x_wconf 91' lang='lat' dir='ltr'><strong>sere</strong></span> <span class='ocrx_word' id='word_1_308' title='bbox 1832 2347 1899 2405; x_wconf 87' lang='lat' dir='ltr'><strong>nihil</strong></span> <span class='ocrx_word' id='word_1_309' title='bbox 1912 2346 1959 2403; x_wconf 88' lang='lat' dir='ltr'><strong>diri</strong></span> <span class='ocrx_word' id='word_1_310' title='bbox 1967 2368 1993 2421; x_wconf 78' lang='lat' dir='ltr'><strong>p·</strong></span> 
     </span>
     <span class='ocr_line' id='line_1_49' title="bbox 1281 2432 2001 2506; baseline -0.003 -17"><span class='ocrx_word' id='word_1_311' title='bbox 1281 2446 1344 2490; x_wconf 89' lang='lat' dir='ltr'><strong>test.</strong></span> <span class='ocrx_word' id='word_1_312' title='bbox 1360 2433 1445 2505; x_wconf 88' lang='lat' dir='ltr'><strong>Quod</strong></span> <span class='ocrx_word' id='word_1_313' title='bbox 1463 2444 1505 2489; x_wconf 89' lang='lat' dir='ltr'><strong>est</strong></span> <span class='ocrx_word' id='word_1_314' title='bbox 1524 2432 1600 2506; x_wconf 86' lang='lat' dir='ltr'><strong>apud</strong></span> <span class='ocrx_word' id='word_1_315' title='bbox 1626 2434 1845 2491; x_wconf 77' lang='lat' dir='ltr'><strong>Autiatticistam</strong></span> <span class='ocrx_word' id='word_1_316' title='bbox 1868 2434 1967 2490; x_wconf 79' lang='lat' dir='ltr'><strong>Relicri</strong></span> <span class='ocrx_word' id='word_1_317' title='bbox 1982 2454 2001 2505; x_wconf 91' lang='lat' dir='ltr'><strong>p.</strong></span> 
     </span>
     <span class='ocr_line' id='line_1_50' title="bbox 1285 2519 2002 2595; baseline -0.003 -19"><span class='ocrx_word' id='word_1_318' title='bbox 1285 2524 1358 2593; x_wconf 76' lang='lat'><strong>108,</strong></span> <span class='ocrx_word' id='word_1_319' title='bbox 1371 2522 1404 2577; x_wconf 79' lang='lat'><strong>31</strong></span> <span class='ocrx_word' id='word_1_320' title='bbox 1426 2520 1506 2595; x_wconf 74' lang='lat' dir='ltr'><strong>(coll.</strong></span> <span class='ocrx_word' id='word_1_321' title='bbox 1532 2519 1636 2575; x_wconf 88' lang='lat' dir='ltr'><strong>Photio</strong></span> <span class='ocrx_word' id='word_1_322' title='bbox 1651 2540 1678 2595; x_wconf 90' lang='lat' dir='ltr'><strong>p.</strong></span> <span class='ocrx_word' id='word_1_323' title='bbox 1696 2540 1766 2591; x_wconf 79' lang='lat'><strong>272,</strong></span> <span class='ocrx_word' id='word_1_324' title='bbox 1789 2542 1841 2595; x_wconf 59' lang='grc' dir='ltr'>ιγ,</span> <span class='ocrx_word' id='word_1_325' title='bbox 1863 2535 1889 2577; x_wconf 87' lang='lat' dir='ltr'><strong>et</strong></span> <span class='ocrx_word' id='word_1_326' title='bbox 1907 2520 1977 2576; x_wconf 82' lang='lat' dir='ltr'><strong>Suida</strong></span> <span class='ocrx_word' id='word_1_327' title='bbox 1996 2560 2002 2574; x_wconf 95' lang='lat'><strong>.</strong></span> 
     </span>
     <span class='ocr_line' id='line_1_51' title="bbox 1280 2604 2001 2685; baseline -0.012 -19"><span class='ocrx_word' id='word_1_328' title='bbox 1280 2608 1322 2685; x_wconf 79' lang='grc'><strong>[4]</strong></span> <span class='ocrx_word' id='word_1_329' title='bbox 1341 2605 1516 2685; x_wconf 70' lang='grc' dir='ltr'>«μαιώτριιιν</span> <span class='ocrx_word' id='word_1_330' title='bbox 1531 2633 1541 2654; x_wconf 76' lang='grc' dir='ltr'>ν</span> <span class='ocrx_word' id='word_1_331' title='bbox 1562 2604 1618 2661; x_wconf 79' lang='grc' dir='ltr'>ἀντὶ</span> <span class='ocrx_word' id='word_1_332' title='bbox 1636 2611 1681 2663; x_wconf 81' lang='grc' dir='ltr'><strong>τοῦ</strong></span> <span class='ocrx_word' id='word_1_333' title='bbox 1707 2615 1808 2681; x_wconf 79' lang='grc' dir='ltr'>μαῖαν,</span> <span class='ocrx_word' id='word_1_334' title='bbox 1829 2607 2001 2665; x_wconf 72' lang='lat' dir='ltr'><strong>vindicaverim</strong></span> 
     </span>
     <span class='ocr_line' id='line_1_52' title="bbox 1282 2692 2001 2770; baseline -0.007 -19"><span class='ocrx_word' id='word_1_335' title='bbox 1282 2696 1395 2770; x_wconf 83' lang='lat' dir='ltr'><strong>partui,</strong></span> <span class='ocrx_word' id='word_1_336' title='bbox 1419 2712 1476 2770; x_wconf 87' lang='lat' dir='ltr'><strong>quo</strong></span> <span class='ocrx_word' id='word_1_337' title='bbox 1495 2694 1573 2749; x_wconf 89' lang='lat' dir='ltr'><strong>Paris</strong></span> <span class='ocrx_word' id='word_1_338' title='bbox 1593 2693 1621 2749; x_wconf 92' lang='lat' dir='ltr'><strong>in</strong></span> <span class='ocrx_word' id='word_1_339' title='bbox 1639 2693 1729 2751; x_wconf 87' lang='lat' dir='ltr'><strong>luceru</strong></span> <span class='ocrx_word' id='word_1_340' title='bbox 1749 2692 1841 2751; x_wconf 90' lang='lat' dir='ltr'><strong>editus</strong></span> <span class='ocrx_word' id='word_1_341' title='bbox 1862 2696 1912 2765; x_wconf 78' lang='lat' dir='ltr'><strong>sit3</strong></span> <span class='ocrx_word' id='word_1_342' title='bbox 1927 2712 2001 2748; x_wconf 85' lang='lat' dir='ltr'><strong>ream</strong></span> 
     </span>
     <span class='ocr_line' id='line_1_53' title="bbox 1280 2780 2002 2858; baseline -0.006 -19"><span class='ocrx_word' id='word_1_343' title='bbox 1280 2783 1419 2839; x_wconf 88' lang='lat' dir='ltr'><strong>incertum</strong></span> <span class='ocrx_word' id='word_1_344' title='bbox 1434 2794 1486 2855; x_wconf 82' lang='lat' dir='ltr'><strong>est,</strong></span> <span class='ocrx_word' id='word_1_345' title='bbox 1502 2801 1569 2837; x_wconf 93' lang='lat' dir='ltr'><strong>nutu</strong></span> <span class='ocrx_word' id='word_1_346' title='bbox 1586 2780 1704 2837; x_wconf 87' lang='lat' dir='ltr'><strong>verbum</strong></span> <span class='ocrx_word' id='word_1_347' title='bbox 1721 2782 1775 2858; x_wconf 88' lang='lat' dir='ltr'><strong>ipsi</strong></span> <span class='ocrx_word' id='word_1_348' title='bbox 1792 2783 1883 2839; x_wconf 79' lang='lat' dir='ltr'><strong>Paridi</strong></span> <span class='ocrx_word' id='word_1_349' title='bbox 1899 2780 2002 2837; x_wconf 85' lang='lat' dir='ltr'><strong>tribuen-</strong></span> 
     </span>
     <span class='ocr_line' id='line_1_54' title="bbox 1280 2868 1999 2939; baseline -0.006 -14"><span class='ocrx_word' id='word_1_350' title='bbox 1280 2874 1347 2926; x_wconf 89' lang='lat' dir='ltr'><strong>dum</strong></span> <span class='ocrx_word' id='word_1_351' title='bbox 1365 2872 1400 2927; x_wconf 90' lang='lat' dir='ltr'><strong>sit</strong></span> <span class='ocrx_word' id='word_1_352' title='bbox 1416 2890 1450 2925; x_wconf 90' lang='lat' dir='ltr'><strong>an</strong></span> <span class='ocrx_word' id='word_1_353' title='bbox 1465 2868 1584 2938; x_wconf 81' lang='lat' dir='ltr'><strong>Priamo,</strong></span> <span class='ocrx_word' id='word_1_354' title='bbox 1601 2870 1641 2925; x_wconf 91' lang='lat' dir='ltr'><strong>vel</strong></span> <span class='ocrx_word' id='word_1_355' title='bbox 1653 2871 1830 2939; x_wconf 55' lang='lat' dir='ltr'><strong>Cassandra,</strong></span> <span class='ocrx_word' id='word_1_356' title='bbox 1844 2870 1883 2927; x_wconf 90' lang='lat' dir='ltr'><strong>vel</strong></span> <span class='ocrx_word' id='word_1_357' title='bbox 1897 2868 1999 2926; x_wconf 79' lang='lat' dir='ltr'><strong>llernhr.</strong></span> 
     </span>
     <span class='ocr_line' id='line_1_55' title="bbox 1280 2954 1999 3038; baseline 0.003 -25"><span class='ocrx_word' id='word_1_358' title='bbox 1280 2958 1361 3015; x_wconf 79' lang='lat' dir='ltr'><strong>Aliud</strong></span> <span class='ocrx_word' id='word_1_359' title='bbox 1387 2971 1482 3014; x_wconf 76' lang='lat' dir='ltr'><strong>nartem</strong></span> <span class='ocrx_word' id='word_1_360' title='bbox 1499 2958 1687 3031; x_wconf 75' lang='lat' dir='ltr'><strong>fragmentum</strong></span> <span class='ocrx_word' id='word_1_361' title='bbox 1706 2958 1854 3032; x_wconf 83' lang='lat' dir='ltr'><strong>Hcsvchii,</strong></span> <span class='ocrx_word' id='word_1_362' title='bbox 1868 2956 1906 3038; x_wconf 76' lang='lat'><strong>[5]</strong></span> <span class='ocrx_word' id='word_1_363' title='bbox 1924 2954 1999 3021; x_wconf 63' lang='lat' dir='ltr'><strong>aleia·</strong></span> 
     </span>
     <span class='ocr_line' id='line_1_56' title="bbox 1279 3040 2000 3125; baseline -0.003 -24"><span class='ocrx_word' id='word_1_364' title='bbox 1279 3067 1370 3121; x_wconf 79' lang='grc' dir='ltr'>στρια,</span> <span class='ocrx_word' id='word_1_365' title='bbox 1384 3072 1395 3094; x_wconf 81' lang='grc' dir='ltr'><strong>ι</strong></span> <span class='ocrx_word' id='word_1_366' title='bbox 1405 3043 1511 3125; x_wconf 73' lang='grc' dir='ltr'>τροφός·</span> <span class='ocrx_word' id='word_1_367' title='bbox 1534 3043 1589 3101; x_wconf 84' lang='grc' dir='ltr'>ἔστι</span> <span class='ocrx_word' id='word_1_368' title='bbox 1613 3040 1639 3099; x_wconf 72' lang='grc' dir='ltr'><strong>δὲ</strong></span> <span class='ocrx_word' id='word_1_369' title='bbox 1662 3044 1758 3101; x_wconf 62' lang='lat' dir='ltr'><strong>’iuxtim</strong></span> <span class='ocrx_word' id='word_1_370' title='bbox 1779 3048 1844 3125; x_wconf 65' lang='lat' dir='ltr'><strong>Eup.</strong></span> <span class='ocrx_word' id='word_1_371' title='bbox 1858 3042 2000 3117; x_wconf 61' lang='lat' dir='ltr'><strong>hisicivipa.</strong></span> 
     </span>
     <span class='ocr_line' id='line_1_57' title="bbox 1278 3130 2000 3209; baseline 0 -22"><span class='ocrx_word' id='word_1_372' title='bbox 1278 3131 1457 3209; x_wconf 85' lang='lat' dir='ltr'><strong>majorejure</strong></span> <span class='ocrx_word' id='word_1_373' title='bbox 1471 3131 1565 3191; x_wconf 81' lang='lat' dir='ltr'><strong>Paridi</strong></span> <span class='ocrx_word' id='word_1_374' title='bbox 1581 3130 1717 3188; x_wconf 83' lang='lat' dir='ltr'><strong>tribuitur</strong></span> <span class='ocrx_word' id='word_1_375' title='bbox 1732 3132 1789 3189; x_wconf 83' lang='lat' dir='ltr'><strong>luta</strong></span> <span class='ocrx_word' id='word_1_376' title='bbox 1802 3153 1853 3189; x_wconf 85' lang='lat' dir='ltr'><strong>sua</strong></span> <span class='ocrx_word' id='word_1_377' title='bbox 1868 3142 2000 3209; x_wconf 77' lang='lat' dir='ltr'><strong>expuunt.</strong></span> 
     </span>
     <span class='ocr_line' id='line_1_58' title="bbox 1281 3219 2001 3297; baseline -0.01 -22"><span class='ocrx_word' id='word_1_378' title='bbox 1281 3221 1557 3296; x_wconf 82' lang='lat' dir='ltr'><strong>lutelligitursutetu</strong></span> <span class='ocrx_word' id='word_1_379' title='bbox 1577 3239 1659 3291; x_wconf 88' lang='lat' dir='ltr'><strong>ursa,</strong></span> <span class='ocrx_word' id='word_1_380' title='bbox 1680 3241 1743 3296; x_wconf 81' lang='lat' dir='ltr'><strong>cptae</strong></span> <span class='ocrx_word' id='word_1_381' title='bbox 1764 3240 1885 3297; x_wconf 86' lang='lat' dir='ltr'><strong>puerum</strong></span> <span class='ocrx_word' id='word_1_382' title='bbox 1900 3219 2001 3276; x_wconf 87' lang='lat' dir='ltr'><strong>nutrint.</strong></span> 
     </span>
     <span class='ocr_line' id='line_1_59' title="bbox 1279 3307 2002 3384; baseline -0.001 -22"><span class='ocrx_word' id='word_1_383' title='bbox 1279 3310 1339 3365; x_wconf 80' lang='lat' dir='ltr'><strong>Vita</strong></span> <span class='ocrx_word' id='word_1_384' title='bbox 1352 3307 1460 3364; x_wconf 86' lang='lat' dir='ltr'><strong>Paridis</strong></span> <span class='ocrx_word' id='word_1_385' title='bbox 1476 3309 1549 3362; x_wconf 90' lang='lat' dir='ltr'><strong>inter</strong></span> <span class='ocrx_word' id='word_1_386' title='bbox 1564 3320 1691 3384; x_wconf 88' lang='lat' dir='ltr'><strong>pastores</strong></span> <span class='ocrx_word' id='word_1_387' title='bbox 1704 3309 1797 3384; x_wconf 84' lang='lat' dir='ltr'><strong>‹ptalis</strong></span> <span class='ocrx_word' id='word_1_388' title='bbox 1812 3309 1911 3378; x_wconf 88' lang='lat' dir='ltr'><strong>luerit,</strong></span> <span class='ocrx_word' id='word_1_389' title='bbox 1923 3307 2002 3362; x_wconf 81' lang='lat' dir='ltr'><strong>indiet-</strong></span> 
     </span>
     <span class='ocr_line' id='line_1_60' title="bbox 1278 3395 2000 3472; baseline 0 -20"><span class='ocrx_word' id='word_1_390' title='bbox 1278 3410 1324 3452; x_wconf 91' lang='lat' dir='ltr'><strong>tur</strong></span> <span class='ocrx_word' id='word_1_391' title='bbox 1336 3399 1428 3472; x_wconf 82' lang='lat' dir='ltr'><strong>glossa</strong></span> <span class='ocrx_word' id='word_1_392' title='bbox 1444 3396 1588 3471; x_wconf 82' lang='lat' dir='ltr'><strong>Hesychii,</strong></span> <span class='ocrx_word' id='word_1_393' title='bbox 1603 3395 1645 3472; x_wconf 81' lang='lat'><strong>[6]</strong></span> <span class='ocrx_word' id='word_1_394' title='bbox 1657 3423 1668 3446; x_wconf 81' lang='grc' dir='ltr'><strong>ι</strong></span> <span class='ocrx_word' id='word_1_395' title='bbox 1682 3395 1818 3466; x_wconf 74' lang='grc' dir='ltr'>ὃιισαυλιις,</span> <span class='ocrx_word' id='word_1_396' title='bbox 1833 3425 1843 3447; x_wconf 78' lang='grc' dir='ltr'>ι</span> <span class='ocrx_word' id='word_1_397' title='bbox 1857 3395 2000 3454; x_wconf 62' lang='lat' dir='ltr'><strong>tuentem</strong></span> 
     </span>
    </p>
   </div>
   <div class='ocr_carea' id='block_1_9' title="bbox 466 3482 2002 4004">
    <p class='ocr_par' dir='ltr' id='par_1_12' title="bbox 466 3482 2002 4004">
     <span class='ocr_line' id='line_1_61' title="bbox 468 3482 2001 3564; baseline 0.001 -29"><span class='ocrx_word' id='word_1_398' title='bbox 468 3482 580 3539; x_wconf 89' lang='lat' dir='ltr'><strong>dentur.</strong></span> <span class='ocrx_word' id='word_1_399' title='bbox 600 3489 775 3541; x_wconf 82' lang='lat' dir='ltr'><strong>instaurasse</strong></span> <span class='ocrx_word' id='word_1_400' title='bbox 795 3486 938 3542; x_wconf 86' lang='lat' dir='ltr'><strong>Primnum</strong></span> <span class='ocrx_word' id='word_1_401' title='bbox 965 3486 1110 3562; x_wconf 84' lang='lat' dir='ltr'><strong>putareris</strong></span> <span class='ocrx_word' id='word_1_402' title='bbox 1132 3502 1225 3546; x_wconf 90' lang='lat' dir='ltr'><strong>certa·</strong></span> <span class='ocrx_word' id='word_1_403' title='bbox 1277 3487 1309 3544; x_wconf 83' lang='grc' dir='ltr'><strong>Σ.</strong></span> <span class='ocrx_word' id='word_1_404' title='bbox 1326 3485 1489 3564; x_wconf 69' lang='grc' dir='ltr'>Ἀλεξάνδρῳ.</span> <span class='ocrx_word' id='word_1_405' title='bbox 1508 3489 1609 3560; x_wconf 81' lang='lat' dir='ltr'><strong>Neque</strong></span> <span class='ocrx_word' id='word_1_406' title='bbox 1623 3486 1745 3543; x_wconf 89' lang='lat' dir='ltr'><strong>alienum</strong></span> <span class='ocrx_word' id='word_1_407' title='bbox 1761 3482 2001 3562; x_wconf 87' lang='lat' dir='ltr'><strong>videturquodlu-</strong></span> 
     </span>
     <span class='ocr_line' id='line_1_62' title="bbox 468 3569 1994 3647; baseline 0.001 -24"><span class='ocrx_word' id='word_1_408' title='bbox 468 3570 542 3624; x_wconf 88' lang='lat' dir='ltr'><strong>ruina</strong></span> <span class='ocrx_word' id='word_1_409' title='bbox 566 3569 711 3642; x_wconf 73' lang='lat' dir='ltr'><strong>funebria,</strong></span> <span class='ocrx_word' id='word_1_410' title='bbox 731 3572 836 3647; x_wconf 85' lang='lat' dir='ltr'><strong>quibus</strong></span> <span class='ocrx_word' id='word_1_411' title='bbox 861 3574 940 3630; x_wconf 87' lang='lat' dir='ltr'><strong>Paris</strong></span> <span class='ocrx_word' id='word_1_412' title='bbox 962 3573 1097 3629; x_wconf 88' lang='lat' dir='ltr'><strong>inductus</strong></span> <span class='ocrx_word' id='word_1_413' title='bbox 1128 3597 1223 3633; x_wconf 90' lang='lat' dir='ltr'><strong>coram</strong></span> <span class='ocrx_word' id='word_1_414' title='bbox 1277 3572 1344 3630; x_wconf 90' lang='lat' dir='ltr'><strong>heut</strong></span> <span class='ocrx_word' id='word_1_415' title='bbox 1357 3573 1508 3630; x_wconf 87' lang='lat' dir='ltr'><strong>scholiasta</strong></span> <span class='ocrx_word' id='word_1_416' title='bbox 1525 3573 1559 3629; x_wconf 91' lang='lat' dir='ltr'><strong>ad</strong></span> <span class='ocrx_word' id='word_1_417' title='bbox 1577 3573 1654 3630; x_wconf 88' lang='lat' dir='ltr'><strong>lliad.</strong></span> <span class='ocrx_word' id='word_1_418' title='bbox 1671 3575 1705 3639; x_wconf 86' lang='lat' dir='ltr'><strong>E,</strong></span> <span class='ocrx_word' id='word_1_419' title='bbox 1731 3573 1787 3630; x_wconf 79' lang='lat'><strong>158</strong></span> <span class='ocrx_word' id='word_1_420' title='bbox 1810 3587 1839 3630; x_wconf 89' lang='lat' dir='ltr'><strong>et</strong></span> <span class='ocrx_word' id='word_1_421' title='bbox 1859 3571 1968 3632; x_wconf 81' lang='lat' dir='ltr'><strong>Etrstath.</strong></span> <span class='ocrx_word' id='word_1_422' title='bbox 1980 3589 1994 3644; x_wconf 89' lang='lat' dir='ltr'><strong>p</strong></span> 
     </span>
     <span class='ocr_line' id='line_1_63' title="bbox 469 3659 2002 3744; baseline -0.001 -32"><span class='ocrx_word' id='word_1_423' title='bbox 469 3659 582 3714; x_wconf 87' lang='lat' dir='ltr'><strong>Priamo</strong></span> <span class='ocrx_word' id='word_1_424' title='bbox 611 3661 796 3736; x_wconf 85' lang='lat' dir='ltr'><strong>apparuerit,</strong></span> <span class='ocrx_word' id='word_1_425' title='bbox 820 3673 853 3716; x_wconf 89' lang='lat' dir='ltr'><strong>ut</strong></span> <span class='ocrx_word' id='word_1_426' title='bbox 883 3662 919 3717; x_wconf 91' lang='lat' dir='ltr'><strong>de</strong></span> <span class='ocrx_word' id='word_1_427' title='bbox 945 3659 1049 3736; x_wconf 87' lang='lat' dir='ltr'><strong>injuria</strong></span> <span class='ocrx_word' id='word_1_428' title='bbox 1069 3661 1123 3720; x_wconf 94' lang='lat' dir='ltr'><strong>sibi</strong></span> <span class='ocrx_word' id='word_1_429' title='bbox 1150 3665 1226 3722; x_wconf 90' lang='lat' dir='ltr'><strong>illata</strong></span> <span class='ocrx_word' id='word_1_430' title='bbox 1278 3659 2002 3744; x_wconf 64' lang='grc' dir='ltr'>533,ιοιτὸπιιρὰΣοφοκλεῑένἈλεξᾶνδρῳῌ]·Στιι’-</span> 
     </span>
     <span class='ocr_line' id='line_1_64' title="bbox 467 3747 2002 3828; baseline 0.003 -27"><span class='ocrx_word' id='word_1_431' title='bbox 467 3761 636 3823; x_wconf 76' lang='lat' dir='ltr'><strong>eptereretur</strong></span> <span class='ocrx_word' id='word_1_432' title='bbox 660 3761 830 3826; x_wconf 83' lang='lat' dir='ltr'><strong>taurumque</strong></span> <span class='ocrx_word' id='word_1_433' title='bbox 853 3764 1003 3825; x_wconf 88' lang='lat' dir='ltr'><strong>repeteret.</strong></span> <span class='ocrx_word' id='word_1_434' title='bbox 1025 3756 1117 3822; x_wconf 87' lang='lat' dir='ltr'><strong>Quem</strong></span> <span class='ocrx_word' id='word_1_435' title='bbox 1135 3773 1224 3828; x_wconf 81' lang='lat' dir='ltr'><strong>quum</strong></span> <span class='ocrx_word' id='word_1_436' title='bbox 1248 3761 1251 3820; x_wconf 92' lang='grc' dir='ltr'>Ι</span> <span class='ocrx_word' id='word_1_437' title='bbox 1276 3773 1330 3827; x_wconf 70' lang='lat' dir='ltr'><strong>pm</strong></span> <span class='ocrx_word' id='word_1_438' title='bbox 1350 3747 1486 3826; x_wconf 76' lang='grc' dir='ltr'>ἀγρώστην</span> <span class='ocrx_word' id='word_1_439' title='bbox 1508 3747 1610 3826; x_wconf 77' lang='grc' dir='ltr'>ὄχλον»</span> <span class='ocrx_word' id='word_1_440' title='bbox 1625 3747 1783 3828; x_wconf 68' lang='lat' dir='ltr'><strong>raptisraptis</strong></span> <span class='ocrx_word' id='word_1_441' title='bbox 1804 3751 1868 3807; x_wconf 79' lang='grc' dir='ltr'>ἐστι.</span> <span class='ocrx_word' id='word_1_442' title='bbox 1889 3755 1933 3806; x_wconf 78' lang='lat' dir='ltr'><strong>Fst</strong></span> <span class='ocrx_word' id='word_1_443' title='bbox 1952 3767 2002 3800; x_wconf 81' lang='lat' dir='ltr'><strong>ten·</strong></span> 
     </span>
     <span class='ocr_line' id='line_1_65' title="bbox 467 3833 2000 3913; baseline 0 -23"><span class='ocrx_word' id='word_1_444' title='bbox 467 3835 621 3910; x_wconf 83' lang='lat' dir='ltr'><strong>impetrare</strong></span> <span class='ocrx_word' id='word_1_445' title='bbox 639 3857 696 3892; x_wconf 90' lang='lat' dir='ltr'><strong>nou</strong></span> <span class='ocrx_word' id='word_1_446' title='bbox 722 3850 835 3913; x_wconf 89' lang='lat' dir='ltr'><strong>posset,</strong></span> <span class='ocrx_word' id='word_1_447' title='bbox 859 3839 970 3894; x_wconf 80' lang='lat' dir='ltr'><strong>Priamo</strong></span> <span class='ocrx_word' id='word_1_448' title='bbox 994 3839 1173 3913; x_wconf 86' lang='lat' dir='ltr'><strong>inspectante</strong></span> <span class='ocrx_word' id='word_1_449' title='bbox 1196 3843 1223 3898; x_wconf 89' lang='lat' dir='ltr'><strong>iu</strong></span> <span class='ocrx_word' id='word_1_450' title='bbox 1277 3837 1481 3913; x_wconf 86' lang='lat' dir='ltr'><strong>perobscurum</strong></span> <span class='ocrx_word' id='word_1_451' title='bbox 1505 3837 1575 3913; x_wconf 90' lang='lat' dir='ltr'><strong>quid</strong></span> <span class='ocrx_word' id='word_1_452' title='bbox 1610 3837 1759 3912; x_wconf 80' lang='lat' dir='ltr'><strong>significet.</strong></span> <span class='ocrx_word' id='word_1_453' title='bbox 1794 3839 1912 3895; x_wconf 88' lang='lat' dir='ltr'><strong>Videtur</strong></span> <span class='ocrx_word' id='word_1_454' title='bbox 1940 3833 2000 3890; x_wconf 78' lang='lat' dir='ltr'><strong>rhen</strong></span> 
     </span>
     <span class='ocr_line' id='line_1_66' title="bbox 466 3920 2000 4004; baseline 0.002 -28"><span class='ocrx_word' id='word_1_455' title='bbox 466 3942 579 3978; x_wconf 86' lang='lat' dir='ltr'><strong>arenant</strong></span> <span class='ocrx_word' id='word_1_456' title='bbox 593 3923 771 3980; x_wconf 81' lang='lat' dir='ltr'><strong>descendisse</strong></span> <span class='ocrx_word' id='word_1_457' title='bbox 786 3945 942 4000; x_wconf 85' lang='lat' dir='ltr'><strong>omnesque</strong></span> <span class='ocrx_word' id='word_1_458' title='bbox 953 3926 1066 3982; x_wconf 89' lang='lat' dir='ltr'><strong>vicisse.</strong></span> <span class='ocrx_word' id='word_1_459' title='bbox 1081 3931 1143 3999; x_wconf 84' lang='lat' dir='ltr'><strong>Qua</strong></span> <span class='ocrx_word' id='word_1_460' title='bbox 1159 3930 1226 3985; x_wconf 86' lang='lat' dir='ltr'><strong>Dei·</strong></span> <span class='ocrx_word' id='word_1_461' title='bbox 1277 3927 1372 4000; x_wconf 85' lang='lat' dir='ltr'><strong>luisse,</strong></span> <span class='ocrx_word' id='word_1_462' title='bbox 1385 3924 1461 4000; x_wconf 87' lang='lat' dir='ltr'><strong>quod</strong></span> <span class='ocrx_word' id='word_1_463' title='bbox 1475 3925 1638 4001; x_wconf 88' lang='lat' dir='ltr'><strong>Stephanus</strong></span> <span class='ocrx_word' id='word_1_464' title='bbox 1652 3927 1777 3981; x_wconf 84' lang='lat' dir='ltr'><strong>servavit</strong></span> <span class='ocrx_word' id='word_1_465' title='bbox 1793 3947 1819 3982; x_wconf 92' lang='lat' dir='ltr'><strong>v.</strong></span> <span class='ocrx_word' id='word_1_466' title='bbox 1841 3922 1943 4004; x_wconf 63' lang='lat' dir='ltr'><strong>&#39;Egeta</strong></span> <span class='ocrx_word' id='word_1_467' title='bbox 1956 3943 1961 3979; x_wconf 91' lang='lat'>:</span> <span class='ocrx_word' id='word_1_468' title='bbox 1973 3920 2000 3975; x_wconf 78' lang='grc' dir='ltr'>Τι</span> 
     </span>
    </p>
   </div>
   <div class='ocr_carea' id='block_1_10' title="bbox 460 4009 1246 5068">
    <p class='ocr_par' dir='ltr' id='par_1_13' title="bbox 460 4009 1246 5068">
     <span class='ocr_line' id='line_1_67' title="bbox 467 4009 1222 4091; baseline 0.015 -28"><span class='ocrx_word' id='word_1_469' title='bbox 467 4009 579 4084; x_wconf 88' lang='lat' dir='ltr'><strong>phuhus</strong></span> <span class='ocrx_word' id='word_1_470' title='bbox 596 4011 752 4086; x_wconf 78' lang='lat' dir='ltr'><strong>ignominia</strong></span> <span class='ocrx_word' id='word_1_471' title='bbox 765 4025 881 4090; x_wconf 88' lang='lat' dir='ltr'><strong>accepta</strong></span> <span class='ocrx_word' id='word_1_472' title='bbox 892 4015 921 4070; x_wconf 91' lang='lat' dir='ltr'><strong>in</strong></span> <span class='ocrx_word' id='word_1_473' title='bbox 933 4017 1127 4090; x_wconf 88' lang='lat' dir='ltr'><strong>peregrinum,</strong></span> <span class='ocrx_word' id='word_1_474' title='bbox 1138 4037 1222 4091; x_wconf 88' lang='lat' dir='ltr'><strong>quent</strong></span> 
     </span>
     <span class='ocr_line' id='line_1_68' title="bbox 466 4098 1223 4174; baseline 0.015 -24"><span class='ocrx_word' id='word_1_475' title='bbox 466 4117 524 4151; x_wconf 88' lang='lat' dir='ltr'><strong>nou</strong></span> <span class='ocrx_word' id='word_1_476' title='bbox 538 4098 635 4167; x_wconf 89' lang='lat' dir='ltr'><strong>novit,</strong></span> <span class='ocrx_word' id='word_1_477' title='bbox 653 4098 749 4174; x_wconf 86' lang='lat' dir='ltr'><strong>gladio</strong></span> <span class='ocrx_word' id='word_1_478' title='bbox 769 4100 870 4170; x_wconf 90' lang='lat' dir='ltr'><strong>irruit,</strong></span> <span class='ocrx_word' id='word_1_479' title='bbox 889 4101 938 4158; x_wconf 87' lang='lat' dir='ltr'><strong>sed</strong></span> <span class='ocrx_word' id='word_1_480' title='bbox 959 4115 1102 4159; x_wconf 88' lang='lat' dir='ltr'><strong>retentum</strong></span> <span class='ocrx_word' id='word_1_481' title='bbox 1120 4123 1181 4161; x_wconf 80' lang='lat' dir='ltr'><strong>esse</strong></span> <span class='ocrx_word' id='word_1_482' title='bbox 1196 4118 1223 4161; x_wconf 90' lang='lat' dir='ltr'><strong>et</strong></span> 
     </span>
     <span class='ocr_line' id='line_1_69' title="bbox 464 4186 1221 4266; baseline 0.015 -28"><span class='ocrx_word' id='word_1_483' title='bbox 464 4186 542 4260; x_wconf 84' lang='lat' dir='ltr'><strong>qtr&#39;trd</strong></span> <span class='ocrx_word' id='word_1_484' title='bbox 562 4188 640 4244; x_wconf 87' lang='lat' dir='ltr'><strong>Paris</strong></span> <span class='ocrx_word' id='word_1_485' title='bbox 658 4189 686 4244; x_wconf 94' lang='lat' dir='ltr'><strong>in</strong></span> <span class='ocrx_word' id='word_1_486' title='bbox 704 4208 782 4244; x_wconf 90' lang='lat' dir='ltr'><strong>aram</strong></span> <span class='ocrx_word' id='word_1_487' title='bbox 804 4190 883 4245; x_wconf 83' lang='lat' dir='ltr'><strong>lovis</strong></span> <span class='ocrx_word' id='word_1_488' title='bbox 903 4191 1004 4246; x_wconf 89' lang='lat' dir='ltr'><strong>Hercei</strong></span> <span class='ocrx_word' id='word_1_489' title='bbox 1021 4191 1179 4266; x_wconf 85' lang='lat' dir='ltr'><strong>pruhtgerit</strong></span> <span class='ocrx_word' id='word_1_490' title='bbox 1194 4207 1221 4249; x_wconf 89' lang='lat' dir='ltr'><strong>et</strong></span> 
     </span>
     <span class='ocr_line' id='line_1_70' title="bbox 464 4273 1222 4347; baseline 0.016 -21"><span class='ocrx_word' id='word_1_491' title='bbox 464 4273 543 4347; x_wconf 72' lang='lat' dir='ltr'><strong>tltrod</strong></span> <span class='ocrx_word' id='word_1_492' title='bbox 572 4275 736 4347; x_wconf 79' lang='lat' dir='ltr'><strong>Cassandrae</strong></span> <span class='ocrx_word' id='word_1_493' title='bbox 756 4277 889 4337; x_wconf 78' lang='lat' dir='ltr'><strong>vaticinia</strong></span> <span class='ocrx_word' id='word_1_494' title='bbox 911 4277 1131 4336; x_wconf 86' lang='lat' dir='ltr'><strong>intercesserint.</strong></span> <span class='ocrx_word' id='word_1_495' title='bbox 1160 4284 1222 4338; x_wconf 91' lang='lat' dir='ltr'><strong>Hoc</strong></span> 
     </span>
     <span class='ocr_line' id='line_1_71' title="bbox 463 4361 1222 4446; baseline 0.012 -31"><span class='ocrx_word' id='word_1_496' title='bbox 463 4361 549 4417; x_wconf 87' lang='lat' dir='ltr'><strong>etiarn</strong></span> <span class='ocrx_word' id='word_1_497' title='bbox 560 4362 675 4419; x_wconf 90' lang='lat' dir='ltr'><strong>Proelus</strong></span> <span class='ocrx_word' id='word_1_498' title='bbox 688 4365 833 4420; x_wconf 79' lang='lat' dir='ltr'><strong>memoriae</strong></span> <span class='ocrx_word' id='word_1_499' title='bbox 847 4365 984 4440; x_wconf 87' lang='lat' dir='ltr'><strong>prodidit,</strong></span> <span class='ocrx_word' id='word_1_500' title='bbox 999 4364 1043 4421; x_wconf 75' lang='grc' dir='ltr'><strong>καὶ</strong></span> <span class='ocrx_word' id='word_1_501' title='bbox 1061 4366 1222 4446; x_wconf 78' lang='grc' dir='ltr'>Κασσάνδρα</span> 
     </span>
     <span class='ocr_line' id='line_1_72' title="bbox 463 4447 1223 4529; baseline 0.014 -28"><span class='ocrx_word' id='word_1_502' title='bbox 463 4447 522 4524; x_wconf 85' lang='grc' dir='ltr'>περὶ</span> <span class='ocrx_word' id='word_1_503' title='bbox 540 4451 593 4503; x_wconf 84' lang='grc' dir='ltr'><strong>τῶν</strong></span> <span class='ocrx_word' id='word_1_504' title='bbox 606 4449 753 4524; x_wconf 76' lang='grc' dir='ltr'>μελλόντων</span> <span class='ocrx_word' id='word_1_505' title='bbox 767 4452 902 4529; x_wconf 66' lang='grc' dir='ltr'>προδηλοῖ,</span> <span class='ocrx_word' id='word_1_506' title='bbox 926 4456 1028 4508; x_wconf 88' lang='lat' dir='ltr'><strong>Procul</strong></span> <span class='ocrx_word' id='word_1_507' title='bbox 1043 4451 1130 4510; x_wconf 89' lang='lat' dir='ltr'><strong>dubio</strong></span> <span class='ocrx_word' id='word_1_508' title='bbox 1148 4455 1223 4512; x_wconf 89' lang='lat' dir='ltr'><strong>inter</strong></span> 
     </span>
     <span class='ocr_line' id='line_1_73' title="bbox 464 4537 1223 4612; baseline 0.013 -23"><span class='ocrx_word' id='word_1_509' title='bbox 464 4554 600 4609; x_wconf 85' lang='lat' dir='ltr'><strong>personas</strong></span> <span class='ocrx_word' id='word_1_510' title='bbox 615 4537 693 4594; x_wconf 87' lang='lat' dir='ltr'><strong>luere</strong></span> <span class='ocrx_word' id='word_1_511' title='bbox 708 4551 811 4612; x_wconf 84' lang='lat' dir='ltr'><strong>praeter</strong></span> <span class='ocrx_word' id='word_1_512' title='bbox 823 4540 962 4596; x_wconf 88' lang='lat' dir='ltr'><strong>Priamum</strong></span> <span class='ocrx_word' id='word_1_513' title='bbox 976 4539 1147 4611; x_wconf 80' lang='lat' dir='ltr'><strong>Alexander,</strong></span> <span class='ocrx_word' id='word_1_514' title='bbox 1159 4544 1223 4599; x_wconf 91' lang='lat' dir='ltr'><strong>Dei·</strong></span> 
     </span>
     <span class='ocr_line' id='line_1_74' title="bbox 463 4621 1222 4706; baseline 0.016 -30"><span class='ocrx_word' id='word_1_515' title='bbox 463 4621 594 4696; x_wconf 81' lang='lat' dir='ltr'><strong>phebus,</strong></span> <span class='ocrx_word' id='word_1_516' title='bbox 610 4623 726 4681; x_wconf 90' lang='lat' dir='ltr'><strong>Hecuba</strong></span> <span class='ocrx_word' id='word_1_517' title='bbox 739 4638 766 4680; x_wconf 90' lang='lat' dir='ltr'><strong>et</strong></span> <span class='ocrx_word' id='word_1_518' title='bbox 780 4627 943 4683; x_wconf 79' lang='lat' dir='ltr'><strong>Cassandra.</strong></span> <span class='ocrx_word' id='word_1_519' title='bbox 961 4628 1016 4685; x_wconf 86' lang='lat' dir='ltr'><strong>Hcs</strong></span> <span class='ocrx_word' id='word_1_520' title='bbox 1035 4627 1111 4704; x_wconf 86' lang='lat' dir='ltr'><strong>ipsas</strong></span> <span class='ocrx_word' id='word_1_521' title='bbox 1127 4629 1222 4706; x_wconf 77' lang='lat' dir='ltr'><strong>Trnjae</strong></span> 
     </span>
     <span class='ocr_line' id='line_1_75' title="bbox 462 4709 1220 4790; baseline 0.011 -26"><span class='ocrx_word' id='word_1_522' title='bbox 462 4709 506 4781; x_wconf 78' lang='lat' dir='ltr'><strong>agi</strong></span> <span class='ocrx_word' id='word_1_523' title='bbox 532 4711 648 4767; x_wconf 90' lang='lat' dir='ltr'><strong>ridetur</strong></span> <span class='ocrx_word' id='word_1_524' title='bbox 661 4725 747 4788; x_wconf 90' lang='lat' dir='ltr'><strong>poeta</strong></span> <span class='ocrx_word' id='word_1_525' title='bbox 765 4711 985 4790; x_wconf 76' lang='lat' dir='ltr'><strong>lecisseetquod</strong></span> <span class='ocrx_word' id='word_1_526' title='bbox 1001 4715 1159 4772; x_wconf 89' lang='lat' dir='ltr'><strong>Cassandra</strong></span> <span class='ocrx_word' id='word_1_527' title='bbox 1174 4717 1220 4772; x_wconf 93' lang='lat' dir='ltr'><strong>in-</strong></span> 
     </span>
     <span class='ocr_line' id='line_1_76' title="bbox 463 4798 1221 4881; baseline 0.013 -31"><span class='ocrx_word' id='word_1_528' title='bbox 463 4798 1221 4881; x_wconf 74' lang='lat' dir='ltr'><strong>tersuitettptodl&#39;arisinaramlovisHerceicousugit,</strong></span> 
     </span>
     <span class='ocr_line' id='line_1_77' title="bbox 461 4886 1219 4967; baseline 0.016 -31"><span class='ocrx_word' id='word_1_529' title='bbox 461 4903 526 4957; x_wconf 82' lang='lat' dir='ltr'><strong>quae</strong></span> <span class='ocrx_word' id='word_1_530' title='bbox 547 4886 602 4942; x_wconf 90' lang='lat' dir='ltr'><strong>alio</strong></span> <span class='ocrx_word' id='word_1_531' title='bbox 628 4888 693 4944; x_wconf 90' lang='lat' dir='ltr'><strong>loco</strong></span> <span class='ocrx_word' id='word_1_532' title='bbox 718 4888 770 4944; x_wconf 91' lang='lat' dir='ltr'><strong>uisi</strong></span> <span class='ocrx_word' id='word_1_533' title='bbox 797 4889 825 4944; x_wconf 93' lang='grc' dir='ltr'><strong>ιιι</strong></span> <span class='ocrx_word' id='word_1_534' title='bbox 853 4888 926 4945; x_wconf 86' lang='lat' dir='ltr'><strong>urbe</strong></span> <span class='ocrx_word' id='word_1_535' title='bbox 947 4909 1008 4946; x_wconf 89' lang='lat' dir='ltr'><strong>esse</strong></span> <span class='ocrx_word' id='word_1_536' title='bbox 1030 4909 1087 4946; x_wconf 92' lang='lat' dir='ltr'><strong>non</strong></span> <span class='ocrx_word' id='word_1_537' title='bbox 1116 4892 1219 4967; x_wconf 90' lang='lat' dir='ltr'><strong>potuit.</strong></span> 
     </span>
     <span class='ocr_line' id='line_1_78' title="bbox 460 4943 1246 5068; baseline 0.01 -40"><span class='ocrx_word' id='word_1_538' title='bbox 460 4970 572 5028; x_wconf 83' lang='lat' dir='ltr'><strong>Chorus</strong></span> <span class='ocrx_word' id='word_1_539' title='bbox 589 4994 625 5030; x_wconf 88' lang='lat' dir='ltr'><strong>ex</strong></span> <span class='ocrx_word' id='word_1_540' title='bbox 641 4973 753 5031; x_wconf 89' lang='lat' dir='ltr'><strong>civibus</strong></span> <span class='ocrx_word' id='word_1_541' title='bbox 775 4977 938 5033; x_wconf 88' lang='lat' dir='ltr'><strong>constitisse</strong></span> <span class='ocrx_word' id='word_1_542' title='bbox 958 4976 1092 5046; x_wconf 85' lang='lat' dir='ltr'><strong>videtur,</strong></span> <span class='ocrx_word' id='word_1_543' title='bbox 1115 4976 1220 5052; x_wconf 83' lang='lat' dir='ltr'><strong>quihus</strong></span> <span class='ocrx_word' id='word_1_544' title='bbox 1242 4943 1246 5068; x_wconf 62' lang='grc' dir='ltr'>ι</span> 
     </span>
    </p>
   </div>
   <div class='ocr_carea' id='block_1_11' title="bbox 1269 4009 1999 5055">
    <p class='ocr_par' dir='ltr' id='par_1_14' title="bbox 1269 4009 1999 5055">
     <span class='ocr_line' id='line_1_79' title="bbox 1275 4009 1999 4092; baseline -0.008 -24"><span class='ocrx_word' id='word_1_545' title='bbox 1275 4011 1373 4070; x_wconf 78' lang='grc' dir='ltr'>ἐθνικὸν</span> <span class='ocrx_word' id='word_1_546' title='bbox 1387 4010 1523 4092; x_wconf 70' lang='grc' dir='ltr'>Ἐφέσιος·</span> <span class='ocrx_word' id='word_1_547' title='bbox 1546 4009 1651 4090; x_wconf 73' lang='grc' dir='ltr'>εὕρηται</span> <span class='ocrx_word' id='word_1_548' title='bbox 1673 4013 1716 4068; x_wconf 84' lang='lat' dir='ltr'><strong>xrd</strong></span> <span class='ocrx_word' id='word_1_549' title='bbox 1731 4013 1773 4090; x_wconf 84' lang='lat'><strong>[8]</strong></span> <span class='ocrx_word' id='word_1_550' title='bbox 1792 4041 1804 4064; x_wconf 87' lang='grc' dir='ltr'>ι</span> <span class='ocrx_word' id='word_1_551' title='bbox 1821 4011 1935 4092; x_wconf 73' lang='lat' dir='ltr'><strong>’Epicur</strong></span> <span class='ocrx_word' id='word_1_552' title='bbox 1949 4039 1958 4058; x_wconf 84' lang='lat'><strong>·</strong></span> <span class='ocrx_word' id='word_1_553' title='bbox 1971 4009 1999 4062; x_wconf 72' lang='lat' dir='ltr'><strong>hi</strong></span> 
     </span>
     <span class='ocr_line' id='line_1_80' title="bbox 1274 4097 1998 4180; baseline -0.011 -25"><span class='ocrx_word' id='word_1_554' title='bbox 1274 4099 1426 4179; x_wconf 62' lang='lat' dir='ltr'><strong>diphtippou·</strong></span> <span class='ocrx_word' id='word_1_555' title='bbox 1440 4098 1508 4157; x_wconf 78' lang='grc' dir='ltr'>οὕτω</span> <span class='ocrx_word' id='word_1_556' title='bbox 1521 4099 1571 4178; x_wconf 74' lang='grc' dir='ltr'><strong>γὰρ</strong></span> <span class='ocrx_word' id='word_1_557' title='bbox 1585 4101 1612 4156; x_wconf 78' lang='grc' dir='ltr'><strong>ἐν</strong></span> <span class='ocrx_word' id='word_1_558' title='bbox 1624 4097 1782 4180; x_wconf 72' lang='grc' dir='ltr'>Ἀλεξάνδρῳ</span> <span class='ocrx_word' id='word_1_559' title='bbox 1794 4101 1927 4180; x_wconf 63' lang='grc' dir='ltr'>Σοφοκλῆς.</span> <span class='ocrx_word' id='word_1_560' title='bbox 1941 4097 1998 4163; x_wconf 76' lang='lat' dir='ltr'><strong>um</strong></span> 
     </span>
     <span class='ocr_line' id='line_1_81' title="bbox 1274 4185 1998 4264; baseline -0.006 -20"><span class='ocrx_word' id='word_1_561' title='bbox 1274 4189 1431 4264; x_wconf 83' lang='lat' dir='ltr'><strong>significet,</strong></span> <span class='ocrx_word' id='word_1_562' title='bbox 1454 4185 1608 4244; x_wconf 88' lang='lat' dir='ltr'><strong>obscurum</strong></span> <span class='ocrx_word' id='word_1_563' title='bbox 1631 4201 1699 4257; x_wconf 90' lang='lat' dir='ltr'><strong>est,</strong></span> <span class='ocrx_word' id='word_1_564' title='bbox 1725 4189 1779 4245; x_wconf 89' lang='lat' dir='ltr'><strong>nisi</strong></span> <span class='ocrx_word' id='word_1_565' title='bbox 1811 4189 1881 4246; x_wconf 80' lang='lat' dir='ltr'><strong>forte</strong></span> <span class='ocrx_word' id='word_1_566' title='bbox 1905 4185 1998 4258; x_wconf 66' lang='lat' dir='ltr'><strong>taught*</strong></span> 
     </span>
     <span class='ocr_line' id='line_1_82' title="bbox 1275 4274 1998 4353; baseline -0.018 -21"><span class='ocrx_word' id='word_1_567' title='bbox 1275 4276 1464 4353; x_wconf 85' lang='lat' dir='ltr'><strong>Ephesiorum</strong></span> <span class='ocrx_word' id='word_1_568' title='bbox 1479 4276 1575 4332; x_wconf 78' lang='lat' dir='ltr'><strong>literas</strong></span> <span class='ocrx_word' id='word_1_569' title='bbox 1590 4276 1747 4352; x_wconf 85' lang='lat' dir='ltr'><strong>intelligas,</strong></span> <span class='ocrx_word' id='word_1_570' title='bbox 1762 4297 1832 4352; x_wconf 84' lang='lat' dir='ltr'><strong>quas</strong></span> <span class='ocrx_word' id='word_1_571' title='bbox 1847 4275 1907 4352; x_wconf 89' lang='lat' dir='ltr'><strong>quia</strong></span> <span class='ocrx_word' id='word_1_572' title='bbox 1917 4274 1998 4328; x_wconf 66' lang='lat' dir='ltr'><strong>rhene</strong></span> 
     </span>
     <span class='ocr_line' id='line_1_83' title="bbox 1272 4363 1904 4440; baseline 0.005 -20"><span class='ocrx_word' id='word_1_573' title='bbox 1272 4384 1329 4420; x_wconf 87' lang='lat' dir='ltr'><strong>nou</strong></span> <span class='ocrx_word' id='word_1_574' title='bbox 1343 4363 1538 4440; x_wconf 80' lang='lat' dir='ltr'><strong>intelligebat,</strong></span> <span class='ocrx_word' id='word_1_575' title='bbox 1551 4364 1634 4420; x_wconf 89' lang='lat' dir='ltr'><strong>alieni</strong></span> <span class='ocrx_word' id='word_1_576' title='bbox 1653 4383 1739 4440; x_wconf 89' lang='lat' dir='ltr'><strong>opem</strong></span> <span class='ocrx_word' id='word_1_577' title='bbox 1756 4363 1904 4422; x_wconf 85' lang='lat' dir='ltr'><strong>desiderat.</strong></span> 
     </span>
     <span class='ocr_line' id='line_1_84' title="bbox 1313 4451 1995 4509; baseline -0.015 -1"><span class='ocrx_word' id='word_1_578' title='bbox 1313 4451 1479 4509; x_wconf 66' lang='lat' dir='ltr'><strong>Cassandrae</strong></span> <span class='ocrx_word' id='word_1_579' title='bbox 1493 4451 1658 4507; x_wconf 80' lang='lat' dir='ltr'><strong>vaticinium</strong></span> <span class='ocrx_word' id='word_1_580' title='bbox 1678 4452 1798 4508; x_wconf 87' lang='lat' dir='ltr'><strong>sortasse</strong></span> <span class='ocrx_word' id='word_1_581' title='bbox 1812 4451 1846 4508; x_wconf 86' lang='lat' dir='ltr'><strong>ad</strong></span> <span class='ocrx_word' id='word_1_582' title='bbox 1862 4452 1935 4508; x_wconf 81' lang='lat' dir='ltr'><strong>finem</strong></span> <span class='ocrx_word' id='word_1_583' title='bbox 1952 4457 1995 4500; x_wconf 83' lang='grc' dir='ltr'>ιιιι-</span> 
     </span>
     <span class='ocr_line' id='line_1_85' title="bbox 1272 4539 1996 4614; baseline -0.017 -20"><span class='ocrx_word' id='word_1_584' title='bbox 1272 4539 1371 4614; x_wconf 76' lang='lat' dir='ltr'><strong>gtediee</strong></span> <span class='ocrx_word' id='word_1_585' title='bbox 1386 4539 1448 4595; x_wconf 87' lang='lat' dir='ltr'><strong>luit.</strong></span> <span class='ocrx_word' id='word_1_586' title='bbox 1462 4539 1622 4596; x_wconf 86' lang='lat' dir='ltr'><strong>Hettuvavit</strong></span> <span class='ocrx_word' id='word_1_587' title='bbox 1637 4553 1733 4595; x_wconf 89' lang='lat' dir='ltr'><strong>antem</strong></span> <span class='ocrx_word' id='word_1_588' title='bbox 1753 4539 1800 4596; x_wconf 88' lang='lat' dir='ltr'><strong>illa</strong></span> <span class='ocrx_word' id='word_1_589' title='bbox 1823 4551 1936 4594; x_wconf 88' lang='lat' dir='ltr'><strong>veterem</strong></span> <span class='ocrx_word' id='word_1_590' title='bbox 1954 4553 1996 4586; x_wconf 86' lang='lat' dir='ltr'><strong>mr·</strong></span> 
     </span>
     <span class='ocr_line' id='line_1_86' title="bbox 1272 4621 1996 4706; baseline -0.01 -26"><span class='ocrx_word' id='word_1_591' title='bbox 1272 4633 1396 4693; x_wconf 77' lang='lat' dir='ltr'><strong>raterium,</strong></span> <span class='ocrx_word' id='word_1_592' title='bbox 1411 4625 1453 4706; x_wconf 78' lang='lat'><strong>[9]</strong></span> <span class='ocrx_word' id='word_1_593' title='bbox 1469 4653 1480 4674; x_wconf 80' lang='grc' dir='ltr'><strong>ι</strong></span> <span class='ocrx_word' id='word_1_594' title='bbox 1494 4625 1673 4697; x_wconf 57' lang='lat' dir='ltr'><strong>perticatulae</strong></span> <span class='ocrx_word' id='word_1_595' title='bbox 1689 4629 1846 4702; x_wconf 79' lang='grc' dir='ltr'>μνήμην.Σ.</span> <span class='ocrx_word' id='word_1_596' title='bbox 1861 4621 1996 4692; x_wconf 49' lang='grc' dir='ltr'>’Ᾱλιξᾶνίνι</span> 
     </span>
     <span class='ocr_line' id='line_1_87' title="bbox 1270 4714 1996 4791; baseline -0.001 -20"><span class='ocrx_word' id='word_1_597' title='bbox 1270 4715 1413 4771; x_wconf 79' lang='lat' dir='ltr'><strong>Antiattie.</strong></span> <span class='ocrx_word' id='word_1_598' title='bbox 1423 4733 1450 4790; x_wconf 93' lang='lat' dir='ltr'><strong>p.</strong></span> <span class='ocrx_word' id='word_1_599' title='bbox 1468 4733 1530 4786; x_wconf 79' lang='lat'><strong>107,</strong></span> <span class='ocrx_word' id='word_1_600' title='bbox 1545 4715 1593 4770; x_wconf 79' lang='lat'><strong>25.</strong></span> <span class='ocrx_word' id='word_1_601' title='bbox 1605 4714 1698 4791; x_wconf 80' lang='lat' dir='ltr'><strong>(Conl.</strong></span> <span class='ocrx_word' id='word_1_602' title='bbox 1710 4714 1843 4771; x_wconf 89' lang='lat' dir='ltr'><strong>Photintn</strong></span> <span class='ocrx_word' id='word_1_603' title='bbox 1854 4735 1880 4790; x_wconf 89' lang='lat' dir='ltr'><strong>p.</strong></span> <span class='ocrx_word' id='word_1_604' title='bbox 1892 4731 1949 4782; x_wconf 77' lang='lat'><strong>²7²·</strong></span> <span class='ocrx_word' id='word_1_605' title='bbox 1963 4725 1996 4770; x_wconf 75' lang='lat'><strong>¹7·</strong></span> 
     </span>
     <span class='ocr_line' id='line_1_88' title="bbox 1270 4793 1997 4878; baseline -0.01 -20"><span class='ocrx_word' id='word_1_606' title='bbox 1270 4793 1997 4878; x_wconf 78' lang='lat' dir='ltr'><strong>etSuidaur.)Nequeimprobabilecredideriutmnlh</strong></span> 
     </span>
     <span class='ocr_line' id='line_1_89' title="bbox 1270 4888 1996 4966; baseline -0.018 -19"><span class='ocrx_word' id='word_1_607' title='bbox 1270 4911 1331 4948; x_wconf 88' lang='lat' dir='ltr'><strong>esse</strong></span> <span class='ocrx_word' id='word_1_608' title='bbox 1346 4889 1528 4946; x_wconf 83' lang='lat' dir='ltr'><strong>aCassandra</strong></span> <span class='ocrx_word' id='word_1_609' title='bbox 1539 4889 1832 4966; x_wconf 86' lang='lat' dir='ltr'><strong>exposita‚qnibttstte</strong></span> <span class='ocrx_word' id='word_1_610' title='bbox 1845 4888 1957 4947; x_wconf 80' lang='lat' dir='ltr'><strong>Paridem</strong></span> <span class='ocrx_word' id='word_1_611' title='bbox 1965 4901 1996 4936; x_wconf 74' lang='lat' dir='ltr'><strong>re</strong></span> 
     </span>
     <span class='ocr_line' id='line_1_90' title="bbox 1269 4969 1995 5055; baseline -0.018 -21"><span class='ocrx_word' id='word_1_612' title='bbox 1269 4978 1469 5055; x_wconf 90' lang='lat' dir='ltr'><strong>ciperet,patri</strong></span> <span class='ocrx_word' id='word_1_613' title='bbox 1477 4975 1648 5054; x_wconf 84' lang='lat' dir='ltr'><strong>persuadere</strong></span> <span class='ocrx_word' id='word_1_614' title='bbox 1660 4977 1815 5042; x_wconf 80' lang='lat' dir='ltr'><strong>nitebatur,</strong></span> <span class='ocrx_word' id='word_1_615' title='bbox 1828 4995 1917 5034; x_wconf 85' lang='lat' dir='ltr'><strong>ventm</strong></span> <span class='ocrx_word' id='word_1_616' title='bbox 1930 4969 1995 5028; x_wconf 83' lang='lat' dir='ltr'><strong>lideut</strong></span> 
     </span>
    </p>
   </div>
   <div class='ocr_carea' id='block_1_12' title="bbox 462 5059 1995 5230">
    <p class='ocr_par' dir='ltr' id='par_1_15' title="bbox 462 5059 1995 5230">
     <span class='ocr_line' id='line_1_91' title="bbox 462 5059 1995 5140; baseline 0 -28"><span class='ocrx_word' id='word_1_617' title='bbox 462 5059 540 5114; x_wconf 88' lang='lat' dir='ltr'><strong>Paris</strong></span> <span class='ocrx_word' id='word_1_618' title='bbox 554 5081 610 5116; x_wconf 92' lang='grc' dir='ltr'>ιιοιι</span> <span class='ocrx_word' id='word_1_619' title='bbox 628 5063 721 5120; x_wconf 91' lang='lat' dir='ltr'><strong>minus</strong></span> <span class='ocrx_word' id='word_1_620' title='bbox 738 5064 854 5140; x_wconf 88' lang='lat' dir='ltr'><strong>ignotus</strong></span> <span class='ocrx_word' id='word_1_621' title='bbox 868 5066 920 5121; x_wconf 89' lang='lat' dir='ltr'><strong>luit</strong></span> <span class='ocrx_word' id='word_1_622' title='bbox 930 5085 1016 5140; x_wconf 79' lang='lat' dir='ltr'><strong>qutun</strong></span> <span class='ocrx_word' id='word_1_623' title='bbox 1026 5065 1106 5140; x_wconf 83' lang='lat' dir='ltr'><strong>patri</strong></span> <span class='ocrx_word' id='word_1_624' title='bbox 1118 5079 1149 5121; x_wconf 90' lang='lat' dir='ltr'><strong>ct</strong></span> <span class='ocrx_word' id='word_1_625' title='bbox 1163 5067 1220 5122; x_wconf 85' lang='lat' dir='ltr'><strong>sra—</strong></span> <span class='ocrx_word' id='word_1_626' title='bbox 1270 5086 1328 5123; x_wconf 91' lang='lat' dir='ltr'><strong>uon</strong></span> <span class='ocrx_word' id='word_1_627' title='bbox 1339 5065 1598 5140; x_wconf 85' lang='lat' dir='ltr'><strong>lecisse,sedinvita</strong></span> <span class='ocrx_word' id='word_1_628' title='bbox 1608 5085 1707 5122; x_wconf 89' lang='lat' dir='ltr'><strong>sorore</strong></span> <span class='ocrx_word' id='word_1_629' title='bbox 1720 5066 1799 5122; x_wconf 86' lang='lat' dir='ltr'><strong>ilhmr</strong></span> <span class='ocrx_word' id='word_1_630' title='bbox 1815 5067 1841 5121; x_wconf 92' lang='lat' dir='ltr'><strong>in</strong></span> <span class='ocrx_word' id='word_1_631' title='bbox 1856 5065 1995 5121; x_wconf 80' lang='lat' dir='ltr'><strong>domumm</strong></span> 
     </span>
     <span class='ocr_line' id='line_1_92' title="bbox 462 5144 1993 5230; baseline 0.001 -31"><span class='ocrx_word' id='word_1_632' title='bbox 462 5144 562 5203; x_wconf 84' lang='lat' dir='ltr'><strong>tribus.</strong></span> <span class='ocrx_word' id='word_1_633' title='bbox 575 5153 707 5206; x_wconf 83' lang='lat' dir='ltr'><strong>Pastores</strong></span> <span class='ocrx_word' id='word_1_634' title='bbox 720 5150 846 5209; x_wconf 87' lang='lat' dir='ltr'><strong>indicare</strong></span> <span class='ocrx_word' id='word_1_635' title='bbox 858 5152 967 5210; x_wconf 83' lang='lat' dir='ltr'><strong>facilius</strong></span> <span class='ocrx_word' id='word_1_636' title='bbox 980 5153 1141 5230; x_wconf 89' lang='lat' dir='ltr'><strong>potuissent</strong></span> <span class='ocrx_word' id='word_1_637' title='bbox 1153 5155 1218 5229; x_wconf 90' lang='lat' dir='ltr'><strong>quis</strong></span> <span class='ocrx_word' id='word_1_638' title='bbox 1241 5188 1246 5214; x_wconf 71' lang='grc' dir='ltr'>ι</span> <span class='ocrx_word' id='word_1_639' title='bbox 1269 5154 1341 5230; x_wconf 88' lang='lat' dir='ltr'><strong>giam</strong></span> <span class='ocrx_word' id='word_1_640' title='bbox 1357 5165 1502 5228; x_wconf 90' lang='lat' dir='ltr'><strong>receptum</strong></span> <span class='ocrx_word' id='word_1_641' title='bbox 1517 5171 1589 5210; x_wconf 89' lang='lat' dir='ltr'><strong>esse.</strong></span> <span class='ocrx_word' id='word_1_642' title='bbox 1600 5157 1644 5210; x_wconf 86' lang='lat' dir='ltr'><strong>Ex</strong></span> <span class='ocrx_word' id='word_1_643' title='bbox 1656 5153 1774 5210; x_wconf 83' lang='lat' dir='ltr'><strong>incertis</strong></span> <span class='ocrx_word' id='word_1_644' title='bbox 1785 5148 1935 5230; x_wconf 78' lang='lat' dir='ltr'><strong>hugrucntis</strong></span> <span class='ocrx_word' id='word_1_645' title='bbox 1946 5145 1993 5201; x_wconf 86' lang='lat' dir='ltr'><strong>let·</strong></span> 
     </span>
    </p>
   </div>
   <div class='ocr_carea' id='block_1_13' title="bbox 459 5285 1991 5312">
    <p class='ocr_par' dir='ltr' id='par_1_16' title="bbox 459 5285 1991 5312">
     <span class='ocr_line' id='line_1_93' title="bbox 459 5285 1991 5312; baseline 0.004 -14"><span class='ocrx_word' id='word_1_646' title='bbox 459 5285 1991 5312; x_wconf 48' lang='grc' dir='ltr'><em>Ἣ</em></span> 
     </span>
    </p>
   </div>
   <div class='ocr_carea' id='block_1_14' title="bbox 458 5391 1155 5552">
    <p class='ocr_par' dir='ltr' id='par_1_17' title="bbox 458 5391 1155 5552">
     <span class='ocr_line' id='line_1_94' title="bbox 825 5391 849 5436; baseline 0 0"><span class='ocrx_word' id='word_1_647' title='bbox 825 5391 849 5436; x_wconf 90' lang='lat' dir='ltr'><strong>l.</strong></span> 
     </span>
     <span class='ocr_line' id='line_1_95' title="bbox 458 5473 1155 5552; baseline 0.011 -24"><span class='ocrx_word' id='word_1_648' title='bbox 458 5473 520 5530; x_wconf 80' lang='lat' dir='ltr'><strong>h&#39;on</strong></span> <span class='ocrx_word' id='word_1_649' title='bbox 532 5475 603 5530; x_wconf 86' lang='lat' dir='ltr'><strong>eninr</strong></span> <span class='ocrx_word' id='word_1_650' title='bbox 617 5476 673 5532; x_wconf 93' lang='lat' dir='ltr'><strong>ullo</strong></span> <span class='ocrx_word' id='word_1_651' title='bbox 688 5476 770 5536; x_wconf 88' lang='lat' dir='ltr'><strong>modu</strong></span> <span class='ocrx_word' id='word_1_652' title='bbox 783 5479 884 5535; x_wconf 85' lang='lat' dir='ltr'><strong>urbicis</strong></span> <span class='ocrx_word' id='word_1_653' title='bbox 898 5479 969 5552; x_wconf 80' lang='lat' dir='ltr'><strong>leges</strong></span> <span class='ocrx_word' id='word_1_654' title='bbox 981 5484 1155 5538; x_wconf 83' lang='lat' dir='ltr'><strong>conveniunt.</strong></span> 
     </span>
    </p>
   </div>
   <div class='ocr_carea' id='block_1_15' title="bbox 1271 5393 1888 5556">
    <p class='ocr_par' dir='ltr' id='par_1_18' title="bbox 1271 5393 1888 5556">
     <span class='ocr_line' id='line_1_96' title="bbox 1630 5393 1656 5440; baseline -0.077 0"><span class='ocrx_word' id='word_1_655' title='bbox 1630 5393 1656 5440; x_wconf 61' lang='grc' dir='ltr'>ι.</span> 
     </span>
     <span class='ocr_line' id='line_1_97' title="bbox 1271 5483 1888 5556; baseline 0 -18"><span class='ocrx_word' id='word_1_656' title='bbox 1271 5485 1364 5538; x_wconf 87' lang='lat' dir='ltr'><strong>Unum</strong></span> <span class='ocrx_word' id='word_1_657' title='bbox 1380 5490 1515 5556; x_wconf 84' lang='lat' dir='ltr'><strong>pastorem</strong></span> <span class='ocrx_word' id='word_1_658' title='bbox 1528 5499 1655 5555; x_wconf 83' lang='lat' dir='ltr'><strong>superare</strong></span> <span class='ocrx_word' id='word_1_659' title='bbox 1668 5483 1739 5538; x_wconf 86' lang='lat' dir='ltr'><strong>viros</strong></span> <span class='ocrx_word' id='word_1_660' title='bbox 1752 5483 1888 5540; x_wconf 75' lang='lat' dir='ltr'><strong>urbicolas</strong></span> 
     </span>
    </p>
   </div>
   <div class='ocr_carea' id='block_1_16' title="bbox 0 0 2288 6425">
    <p class='ocr_par' dir='ltr' id='par_1_19' title="bbox 0 0 2288 6425">
     <span class='ocr_line' id='line_1_98' title="bbox 0 0 2288 6425; baseline 0 0"><span class='ocrx_word' id='word_1_661' title='bbox 0 0 2288 6425; x_wconf 95' lang='lat' dir='ltr'><strong> </strong></span> 
     </span>
    </p>
   </div>
  </div>
 </body>
</html>
