4567 6425
451 664 508 711 :tat
996 660 1205 720 sotuoctts
1227 661 1470 725 FRAGMENTA.

452 786 607 861 explicatu.
631 786 776 861 Telephus
798 788 924 845 omnium
946 790 1055 866 primus
1074 793 1204 850 introdu·

449 884 514 928 ctus
532 893 594 929 esse
614 888 727 948 apoeta
751 874 864 931 ridetur
882 879 1054 951 gravissimis
1075 882 1209 939 aerurnnis

451 978 617 1035 oppressus,
632 960 662 1016 in
682 962 786 1036 quibus
805 962 887 1020 dulce
904 984 966 1021 esse
983 968 1034 1032 ait,
1049 968 1072 1023 si
1092 968 1209 1043 quando

448 1048 593 1104 malorum
612 1052 773 1124 urgentium
795 1049 926 1109 oblivisci
949 1053 1004 1111 sibi
1025 1055 1117 1112 liceat.
1138 1060 1208 1115 Sto·

450 1135 532 1193 haeus
543 1139 651 1206 XXVI,
664 1146 679 1203 t
692 1157 699 1195 :

451 1274 533 1353 [595]
543 1255 587 1346 tir
596 1279 658 1347 τοῖς
664 1283 763 1350 κακῶς
774 1274 956 1362 πράσσουσιν
966 1268 1023 1350 ἡδὺ
1033 1279 1083 1343 καὶ
1096 1279 1209 1369 βραχὺν

530 1386 635 1476 χρόνον
649 1386 794 1452 λαθέσθαι
807 1398 866 1454 τῶν
882 1394 1084 1483 παρεστώτων
1098 1402 1209 1459 κακῶν.

454 1515 494 1569 Ειι
509 1512 553 1567 liis
572 1512 668 1570 verbis
683 1514 800 1591 colligas
814 1515 942 1573 nondum
962 1518 1109 1594 expiatum
1129 1520 1209 1577 illurn

452 1601 547 1657 luisse.
562 1600 675 1657 Deinde
689 1603 809 1660 chorum
825 1605 1010 1664 intervenisse
1025 1621 1053 1663 et
1069 1628 1133 1665 cum
1154 1613 1210 1666 Te·

451 1689 538 1765 leplm
552 1688 725 1747 collocutum
737 1711 798 1749 esse
812 1692 997 1765 crediderim,
1011 1716 1047 1751 ex
1061 1717 1120 1773 quo
1136 1718 1211 1775 quae-

450 1776 504 1845 rit,
520 1777 546 1831 iu
560 1796 711 1852 quamnam
729 1792 832 1837 terram
848 1785 1023 1859 pervenerit,
1041 1796 1072 1840 ut
1090 1797 1212 1862 apparet

453 1882 535 1921 aersu
553 1864 630 1939 apurl
644 1866 814 1925 Strabon'cm
827 1874 905 1941 Vlll,
919 1890 948 1947 p.
962 1872 1037 1929 356:

448 2000 532 2079 [596]
549 1988 630 2064 Ᾱσία
647 2000 699 2086 μὲν
718 2005 736 2072 ἡ
753 2003 898 2091 σύμπασα
912 2009 1069 2097 κλῇςεται,
1084 1999 1158 2090 ξένε,

547 2116 634 2189 nahra
649 2105 682 2178 δὲ
699 2116 812 2180 Μυσῶν
825 2115 930 2182 Μυσία
945 2122 1142 2213 προσήγορος.

449 2248 548 2306 Clmru
563 2248 748 2323 interroganti
767 2252 832 2326 quis
852 2252 903 2328 sit,
921 2254 1063 2331 Telephus
1083 2258 1119 2315 dc
1137 2280 1212 2317 eenr-

451 2335 525 2390 muis
538 2334 597 2389 suis
616 2336 745 2391 nonnihil
774 2337 882 2396 dixisse
898 2339 1029 2412 videtur,
1045 2346 1091 2401 cui
1107 2346 1211 2403 chorus

450 2417 615 2497 respondet,
636 2422 715 2498 quud
729 2424 859 2482 Stubaeus
872 2429 996 2485 servavit
1010 2432 1142 2505 XCVIII,
1158 2436 1210 2489 23:

450 2541 533 2621 [507]
551 2522 693 2629 Ᾰμοχθος
709 2538 765 2634 γὰρ
784 2535 889 2621 οὐδείς·
909 2551 924 2610 ὁ
941 2538 970 2609 θ’
983 2550 1082 2619 ἥκιστ’

549 2652 625 2741 ἔχων
645 2656 853 2743 μακάρτατος.

448 2782 486 2834 Et
500 2778 578 2855 quod
590 2780 667 2856 apud
680 2784 853 2857 Hesyclriurn
866 2799 924 2843 est:
938 2787 1019 2865 [598]
1029 2816 1041 2839 ι
1050 2791 1191 2871 ἀστραρτζς,
1200 2823 1210 2844 ι

451 2867 572 2945 σκληρός.
588 2870 654 2947 zoe.
669 2870 778 2936 Μυσοῖς.
799 2874 970 2931 deridetur
995 2878 1139 2954 Telephus
1162 2882 1211 2939 tle-

448 2954 519 3011 inde
533 2957 623 3013 choro
637 2970 725 3015 totam
740 2981 819 3018 suam
837 2975 942 3020 sortem
955 2967 1135 3040 exposuisse,
1152 2990 1210 3046 quo

449 3042 527 3099 facto
537 3044 641 3101 chorus
654 3046 735 3121 plura
749 3047 784 3105 de
798 3070 833 3104 eo
848 3064 986 3107 memorat
1001 3072 1073 3111 nare
1084 3058 1209 3115 venisse:

449 3131 572 3205 Hesyclr.
589 3132 670 3209 [509]
684 3160 695 3183 ι
707 3134 851 3217 exscerpta,
866 3166 877 3187 ν
894 3137 1097 3220 ἀποθαπςρία,ἢ
1113 3144 1209 3222 κλίμαξ

450 3217 520 3285 νιώς.
531 3221 596 3298 an.
607 3222 716 3290 Μυσοῖς,
730 3226 775 3282 eui
791 3228 832 3282 sas
842 3248 899 3283 uon
912 3230 949 3286 sit
961 3231 1097 3291 interesse
1108 3238 1209 3294 saeris:

450 3306 574 3381 Hesych.
592 3308 677 3384 [600]
690 3336 703 3360 ν
717 3311 858 3391 ἁποσίρει,
871 3342 883 3364 ι·
899 3317 1015 3397 ἀποσπᾷ.
1032 3321 1065 3378 Σ.
1080 3323 1128 3393 Μ,
1142 3327 1208 3399 qnia

450 3395 494 3450 vis
517 3393 615 3451 divina
629 3396 765 3469 retirreat;
789 3401 863 3477 [601
877 3402 888 3480 ]
913 3431 925 3455 α
938 3403 1037 3485 ἀπόρου
1051 3435 1080 3478 ν,
1103 3411 1208 3470 sitrico-a.

451 3479 546 3549 Σ,’Μ.,
561 3484 609 3559 qui
626 3483 750 3561 indigeat
765 3490 929 3563 expiatione
942 3513 958 3549 a
972 3494 1028 3552 diis
1043 3517 1078 3554 ex
1097 3504 1209 3559 eternis

449 3570 597 3626 sententiis
623 3571 774 3630 instituta:
799 3576 880 3654 [602]
901 3580 1043 3661 «ἀφθίτους
1066 3584 1182 3664 γνώμας,
1198 3618 1208 3641 ν

448 3657 665 3736 ἀμετατρίπτους.
675 3661 707 3718 Σ.
720 3661 759 3718 Μ.
776 3667 906 3722 Fortasse
920 3667 974 3725 lure
986 3671 1071 3728 etiam
1083 3681 1209 3750 pertinet

449 3746 638 3822 fragmentum
651 3747 726 3823 apud
739 3751 823 3808 eund.
839 3753 919 3831 [603]
932 3757 1083 3837 αοίειρόρος,
1096 3787 1108 3811 υ
1121 3765 1208 3822 ἀειθα-

448 3831 503 3904 λὴς.
525 3835 557 3893 Σ.
572 3834 687 3916 Τηλέρῳ
701 3839 779 3914 quod
796 3861 883 3898 rurum
901 3863 937 3900 ex
950 3845 1081 3924 Telepho
1097 3869 1208 3907 memu-

443 3935 537 3980 «cutm.

487 4011 609 4086 Reliqua
631 4011 667 4067 ad
687 4013 807 4090 Telephi
834 4020 1025 4095 receptionem
1048 4024 1076 4080 in
1100 4027 1207 4103 regiam

443 4110 619 4172 potestatem
636 4099 784 4159 reserenda
801 4118 876 4161 sunt..
894 4108 999 4167 Athen.
1021 4115 1073 4182 lV,
1088 4133 1117 4190 p.
1145 4117 1195 4172 183

447 4189 470 4240 li
488 4206 495 4240 ε
512 4184 680 4260 Μνημονεύει
695 4187 721 4244 δὲ
735 4195 782 4245 τοῦι
798 4193 923 4271 τριγώνου
939 4195 1032 4256 τούτου
1054 4201 1099 4258 καὶ
1119 4205 1205 4283 Σορο-

446 4271 511 4340 κλῆς
524 4273 550 4329 r'rr
564 4273 612 4348 μὲν
627 4276 728 4339 Μυσοῖς
739 4277 832 4346 οὕτως·

438 4405 529 4488 [664]
543 4409 644 4486 Πολὺς
657 4401 691 4474 di
702 4408 787 4501 Φρὺξ
804 4416 946 4509 τρίγωνος
960 4423 1157 4494 ἀντίσπαστά
1174 4456 1206 4496 τε

551 4513 653 4597 Λυδῆς
670 4523 953 4613 ἐρυμνεῖπιικτίθος
970 4531 1145 4630 συγχορδία.

437 4643 547 4701 'Pollux
565 4651 603 4717 X,
631 4649 684 4703 rllti
697 4671 703 4705 ι
718 4653 807 4722 unna
820 4656 843 4712 δ’
858 4656 889 4714 ἂν
902 4661 946 4717 καί
964 4661 1103 4744 σισύρναν,
1118 4671 1206 4749 Σορο-

446 4731 535 4796 κλέους
550 4735 575 4787 ἐν
595 4736 694 4801 Μυσοῖς
709 4735 838 4814 λέγοντος,

1261 810 1343 892 [606]
1359 803 1514 895 Ψαλίθας,
1530 812 1636 903 τιάρας
1652 814 1702 881 καὶ
1715 811 1880 911 σισυρνώδιι
1892 826 2001 895 στολήν.
2079 862 2080 865 ¹

1261 940 1396 1014 Bergkius
1412 938 1489 1018 ψέλια
1503 942 1638 999 correxit.
1653 946 1853 1020 Fmgmeutum
1868 950 1942 1027 apud
1957 960 2004 1009 Αο-
2079 942 2080 967 l

1263 1026 1333 1083 tiatt.
1346 1047 1373 1104 p.
1385 1032 1431 1099 83,
1443 1048 1490 1097 aa,
1499 1028 1580 1105 [606]
1590 1056 1601 1079 ι
1612 1029 1706 1088 ιῖὁολον
1718 1031 1810 1105 ίππον,
1822 1062 1832 1085 υ
1843 1028 1907 1117 Σαρ.
1919 1038 2003 1099 Μυσοῖς

1262 1113 1363 1189 (codex
1378 1116 1506 1192 poricere),
1524 1116 1638 1174 videtur
1655 1118 1737 1177 chori
1750 1142 1826 1192 esse,
1839 1142 1931 1199 neque
1947 1145 2004 1181 rere

1262 1201 1383 1259 dixerim
1394 1202 1464 1278 qnid
1477 1203 1625 1279 significet.
1637 1211 1669 1264 In
1681 1207 1726 1265 liis
1736 1212 1871 1268 omnihus
1880 1214 2004 1269 incertum

1262 1301 1304 1345 est
1318 1309 1386 1346 num
1397 1293 1569 1355 Tenthranti
1588 1299 1738 1369 Mysorum
1757 1300 1819 1375 regi
1837 1298 1953 1357 barbara
1966 1304 2003 1358 illa

1262 1390 1429 1434 ornamenta
1442 1378 1624 1438 attribuenda
1637 1384 1704 1443 sint.

1586 1546 1693 1561 ’.ο-

1421 1637 1614 1701 Potxrotts
1635 1660 1704 1703 σιντ
1725 1644 1858 1707 vatus.

1303 1783 1388 1837 Vates
1412 1782 1464 1839 luit
1490 1784 1636 1859 Polyidus,
1657 1802 1688 1844 ut
1703 1802 1746 1845 est
1768 1792 1844 1867 apud
1865 1797 2003 1853 Homerum

1263 1868 1343 1926 lliad.
1359 1872 1392 1939 N,
1416 1872 1489 1939 662;
1511 1872 1653 1949 interpres
1666 1879 1844 1937 somniorum
1860 1884 1936 1959 apud
1952 1886 1998 1941 Pin·

1264 1952 1365 2013 darum
1375 1958 1490 2035 Olymp.
1501 1962 1582 2031 Xlll,
1593 1964 1799 2031 72.Consundit
1811 1967 1921 2027 diversa
1930 1973 2003 2029 schol.

1263 2046 1298 2104 ad
1312 2045 1390 2103 lliarl.
1404 2052 1438 2118 E,
1457 2050 1519 2115 148.
1532 2054 1602 2107 Rern
1618 2067 1735 2111 narrant
1749 2058 1881 2133 Hyginus
1893 2074 1921 2117 et
1929 2064 2003 2140 Apol-

1264 2132 1394 2202 lodorus,
1417 2154 1539 2211 quorum
1571 2138 1650 2213 prior
1675 2139 1735 2199 haec
1762 2144 1851 2202 literis
1876 2149 2002 2205 mandarit

1264 2220 1331 2279 Fab.
1349 2223 1422 2279 136:
1441 2224 1604 2295 «Glaucus,
1621 2229 1725 2286 Minois
1736 2244 1765 2287 et
1784 2231 1930 2309 Pasiphae
1945 2240 2003 2295 lilius

1264 2308 1333 2365 rlum
1350 2310 1422 2366 ludit
1439 2311 1506 2387 pila,
1518 2313 1621 2371 cecidit
1635 2316 1664 2372 in
1679 2316 1788 2375 rlolium
1802 2324 1885 2381 melle
1896 2324 2000 2401 plenum

1264 2402 1356 2468 Quem
1387 2418 1475 2473 ‹prum
1502 2417 1634 2476 parentes
1658 2423 1835 2483 quaererent,
1860 2415 2003 2489 Apollinem

1264 2484 1397 2541 sciscitati
1414 2499 1480 2541 sunt
1494 2488 1530 2544 (le
1546 2508 1645 2565 puero.
1660 2492 1774 2563 Quibus
1790 2498 1893 2574 Apollo
1905 2522 1999 2578 respon

1266 2571 1324 2627 dit:
1340 2576 1501 2631 Monstrum
1518 2574 1603 2633 rolris
1625 2591 1724 2638 natum
1746 2597 1799 2655 est,
1821 2588 1897 2661 ιριιοιΙ
1915 2590 1936 2645 si
1953 2590 2003 2665 qun

1264 2660 1398 2729 soluerit¹
1417 2680 1538 2737 puerum
1560 2665 1646 2722 vohis
1666 2670 1806 2729 restituet.
1832 2676 1923 2731 Minos
1940 2690 2003 2731 sorte

1264 2746 1361 2804 audita
1384 2750 1472 2825 coepit
1496 2764 1656 2811 monstrum
1681 2776 1697 2813 a
1719 2758 1779 2815 suis
1800 2780 1945 2837 quaerere:
1966 2766 2001 2819 eni

1263 2836 1400 2893 dixerunt
1412 2851 1509 2893 uatum
1523 2858 1585 2896 csse
1597 2841 1738 2915 vitulum,
1749 2848 1799 2921 qui
1814 2860 1857 2905 ter
1871 2850 1949 2908 indie
1961 2874 1997 2907 en

1263 2920 1353 2978 lorem
1375 2936 1498 2980 mutaret
1520 2946 1572 3003 per
1595 2942 1750 3004 quaternas
1773 2934 1875 3007 horas,
1898 2942 2001 3014 primunr

1263 3008 1370 3078 album,
1384 3012 1511 3068 securnlo
1526 3014 1656 3087 rubrum,
1671 3018 1775 3079 deinde
1789 3023 1909 3101 nigrum.
1924 3030 2001 3083 lilium

1263 3110 1356 3155 autem
1374 3096 1411 3154 ad
1438 3114 1596 3158 monstrum
1620 3105 1789 3165 solvendum
1815 3132 1930 3187 augures
1946 3136 2001 3171 ror·

1262 3186 1385 3244 votavit.
1393 3188 1450 3258 Qui
1462 3208 1550 3266 quum
1563 3210 1622 3248 non
1633 3192 1807 3269 invenirent,
1818 3202 2001 3277 Polyidust'rr·

1262 3274 1325 3331 rani
1339 3275 1446 3332 lilius..
1459 3318 1467 3332 .
1487 3292 1645 3338 monstrum
1657 3282 1875 3354 demonstrarit.
1890 3311 1946 3348 enm
1957 3312 1992 3348 arv

1261 3359 1326 3418 luni
1341 3363 1414 3419 mori
1427 3363 1548 3424 similem
1561 3387 1637 3442 esse;
1648 3389 1712 3428 nam
1724 3375 1850 3450 primum
1861 3378 1945 3436 alburn
1955 3392 1997 3444 est,

1262 3445 1366 3506 deiude
1387 3449 1523 3521 rubrum,
1539 3473 1626 3530 qutun
1645 3465 1879 3530 permaturarerit
1896 3467 1996 3540 nigrum.

1261 3539 1342 3592 Tunc
1357 3538 1454 3595 Minos
1465 3539 1504 3596 ait
1517 3541 1543 3598 ei
1556 3563 1562 3598 :
1576 3545 1618 3599 Ex
1630 3545 1773 3621 Apollinis
1787 3570 1916 3628 responso
1925 3553 1996 3608 trium

1262 3625 1330 3680 milri
1345 3639 1460 3701 oytortet
1475 3630 1617 3690 restituas.
1636 3635 1720 3707 Quod
1737 3639 1871 3713 Polyidus
1884 3639 1941 3698 dum
1954 3661 1992 3696 au

1261 3725 1391 3786 guratur,
1413 3715 1486 3772 vidit
1504 3730 1638 3776 noctuam
1659 3742 1746 3800 super
1767 3729 1865 3786 cellam
1881 3729 1993 3786 vitrarinn

1260 3799 1405 3859 sedentem
1420 3817 1505 3882 atque
1516 3825 1583 3881 apes
1595 3807 1748 3886 fugantem.
1760 3818 1887 3894 hugutio
1897 3831 1994 3894 acceptu

1260 3905 1380 3963 puerum
1393 3895 1554 3952 exanimem
1568 3895 1603 3954 de
1617 3897 1697 3957 dolio
1710 3907 1842 3962 extraxit.
1854 3908 1903 3964 Cui
1920 3907 1991 3962 Mine

1260 3976 1322 4034 ait:
1348 3983 1478 4058 Corpore
1500 3983 1618 4042 invento
1642 4008 1721 4046 nuuc
1735 3993 1870 4068 spiritum
1889 3996 1990 4054 restitur-

1260 4066 1345 4134 Quod
1359 4068 1493 4146 Polyidus
1508 4091 1596 4147 quum
1611 4091 1728 4152 negaret
1744 4099 1828 4156 posse
1843 4085 1907 4148 lieri,
1920 4083 1989 4139 Mine

1199 4163 1207 4190 ’
1255 4151 1340 4227 jubet
1355 4173 1419 4214 eum
1434 4177 1606 4238 cum.puero
1620 4165 1649 4221 in
1669 4183 1856 4226 monumento
1868 4169 1988 4228 lectuna

1260 4239 1384 4315 gladium
1397 4245 1537 4322 puni.Qui
1547 4269 1637 4326 quum
1646 4253 1748 4312 inclusi
1759 4267 1860 4328 esseut,
1871 4257 1985 4316 dracorr·

1259 4341 1345 4403 pente
1359 4331 1395 4388 ad
1409 4353 1514 4410 corpus
1527 4339 1609 4413 pueri
1624 4345 1772 4416 processit.
1785 4346 1868 4419 Quod
1882 4343 1989 4420 Polyidus

1259 4417 1402 4475 aestimans
1416 4441 1480 4478 curu
1496 4425 1569 4482 velle
1587 4447 1768 4504 consumere,
1790 4434 1881 4512 gladio
1897 4445 1986 4510 reprnlt

1259 4507 1399 4578 permissit
1409 4521 1437 4564 ct
1450 4513 1565 4571 occidit.
1581 4514 1678 4574 Altera
1694 4538 1814 4599 serpens
1831 4542 1917 4600 patent
1929 4539 1982 4596 ([ῠέ

1257 4609 1321 4648 reus
1335 4594 1409 4652 vidit
1423 4617 1483 4655 earn
1501 4603 1677 4662 interiectam
1690 4621 1719 4664 et
1731 4629 1878 4689 progressa
1892 4611 1987 4668 herbar·

1256 4681 1353 4737 attulit
1369 4696 1454 4759 atque
1473 4687 1533 4762 ejus
1553 4703 1628 4749 tactu
1643 4699 1770 4772 serpenti
1786 4701 1908 4776 spiritum
1921 4696 1983 4754 resti·

1260 4768 1322 4825 tuit.
1336 4769 1473 4849 Idemque
1480 4775 1614 4852 Polyidus
1624 4781 1700 4848 lecit,
1713 4785 1764 4860 qui
1777 4807 1862 4862 quum
1877 4789 1941 4842 intus
1951 4801 1985 4836 νο

447 4851 1973 4919 KQ

498 4968 680 5038 Quamdulee
694 4911 855 5032 miseridiii
865 4979 904 5033 rel
917 4981 952 5036 ad
967 4983 1045 5040 breve

498 5053 603 5116 tempus
615 5049 737 5106 oblivisci
750 5054 883 5149 malornm
894 5075 957 5130 quie
970 5075 1078 5134 urgent.

499 5187 564 5240 Asia
576 5188 650 5243 enim
662 5198 718 5246 tota
731 5131 854 5263 tumidi,
866 5198 983 5271 hospes,

497 5261 646 5331 respublica
656 5283 720 5325 vero
730 5275 869 5344 Mysorum
882 5281 967 5352 Mysia
978 5283 1140 5354 appellatur.

792 5351 853 5401 507.

512 5403 579 5458 Sine
591 5410 721 5466 aerumnis
736 5429 814 5468 nemo
827 5427 882 5485 est,
897 5423 942 5491 qui
955 5425 1080 5480 minimas

1331 4933 1426 5002 habet,
1439 4935 1623 4998 felicissimus.

1605 5051 1667 5104 604.

1293 5147 1400 5220 Phrygii
1414 5153 1511 5226 trigoni
1524 5158 1602 5212 multi
1616 5165 1644 5216 et
1655 5162 1713 5218 suis
1725 5172 1820 5222 tractae
1832 5163 1920 5221 Mtte

1292 5227 1383 5296 Lydia
1393 5231 1504 5301 pectidts
1516 5235 1678 5296 chordarum
1688 5244 1788 5302 accidit
1798 5244 1953 5302 condones.

1601 5349 1663 5400 605.

1306 5439 1426 5500 Forlrres
1440 5443 1520 5502 tiaras
1533 5455 1559 5502 et
1572 5448 1725 5521 sisymeuru
1740 5455 1923 5514 vestimentum.
