4567 6425
447 767 494 825 sed
503 764 830 841 multaAttiilragmenta
840 762 1086 822 Hermannushuc
1096 761 1203 831 retulit,

447 874 510 931 qnae
529 853 655 911 breviter
672 872 708 910 cx
721 852 797 910 illius
811 849 1057 911 emendationibus
1072 869 1204 907 recense-

446 940 549 999 bimus.
562 946 606 999 De
619 940 771 999 certamine
785 939 845 998 haec
858 938 936 1017 apud
951 938 1076 997 Nonium
1091 955 1120 1014 p.
1135 938 1203 1013 495,

446 1046 480 1084 ar
498 1049 506 1084 ι

479 1136 524 1193 Ab
537 1136 622 1193 classe
635 1135 669 1192 ad
682 1137 779 1195 arbem
799 1132 925 1201 tendunt,
947 1148 1047 1265 nequet
1059 1131 1204 1204 quisquam

957 1226 992 1283 po
1005 1226 1034 1266 es

480 1294 645 1366 fulgentium
659 1292 767 1349 armum
781 1301 903 1349 armatus
917 1290 1043 1347 ardorem
1061 1290 1149 1347 obtui.

445 1406 555 1464 Deinde
573 1409 745 1483 sequebatur
761 1406 879 1464 Achillis
896 1404 1049 1483 descriptio
1067 1406 1123 1483 (ap.
1137 1407 1203 1463 Pri·

446 1494 532 1551 scian.
551 1515 595 1567 ιι,
609 1515 637 1567 7,
649 1494 696 1571 39)
710 1514 717 1553 :

479 1618 519 1671 tlt
530 1617 553 1671 si
569 1614 682 1671 lucifera
693 1612 820 1687 lampade
831 1621 925 1669 exurat
937 1614 1013 1670 loris

479 1694 608 1761 abietum

444 1797 473 1853 in
488 1816 547 1872 qno
563 1796 657 1854 Attius
670 1806 784 1853 secutus
802 1807 846 1853 est
857 1799 1032 1865 Homerum,
1047 1797 1095 1871 qui
1112 1796 1207 1871 sulgo-

445 1902 503 1940 rem
520 1884 591 1941 scuti
608 1882 727 1941 Achillei
742 1882 901 1959 descripsit.

485 1975 584 2029 Postea
600 1990 747 2047 proceres,
757 1982 789 2028 at
800 1990 896 2028 secum
909 1981 1052 2048 pugnent,
1066 1983 1206 2049 provocat

444 2059 521 2136 apud
535 2060 660 2117 Nonium
674 2078 702 2136 p.
716 2061 784 2130 261,
804 2060 838 2115 16
850 2080 857 2114 ι

480 2163 617 2219 Primores
631 2178 775 2235 procerum
787 2170 966 2235 provocarent
979 2163 1102 2231 aomina,

479 2242 502 2297 si
516 2244 668 2313 essetquis,
677 2242 724 2313 qui
736 2242 821 2298 armis
831 2258 925 2299 secum
940 2242 1149 2299 velletcerncre.

446 2352 489 2406 De
502 2348 567 2424 luga
577 2346 768 2424 Trojanorum
784 2348 902 2405 tortasse
917 2348 976 2407 ltaec
990 2348 1162 2407 dictasunt:

467 2465 1203 2542 Nonperdolescitfligisocios,mortecamposprotegi.

443 2574 486 2628 De
495 2572 625 2629 Hectoris
639 2584 669 2629 et
685 2572 802 2630 Achillis
813 2592 967 2651 congressu
979 2574 1040 2633 haec
1054 2575 1110 2633 dici
1123 2588 1205 2653 putat

445 2664 636 2733 Hermannus,
653 2659 730 2737 apud
745 2662 869 2719 Nonium
886 2664 934 2737 93,
949 2665 1005 2719 26:

651 2770 778 2829 incursio
790 2772 826 2827 ita
840 2781 899 2829 erat
911 2773 981 2829 acris

442 2890 471 2934 et
492 2896 521 2953 p.
541 2896 603 2946 ιοι,
623 2896 677 2947 17:

441 3032 444 3041 ,
528 2994 631 3047 hiartes
643 3007 726 3047 arnas
739 2990 795 3046 dno
806 3006 967 3063 congressos
980 2989 1114 3046 crederes.

443 3098 566 3155 Achilles
586 3098 704 3157 fortasse
716 3101 777 3177 ipse
793 3100 828 3157 dc
844 3120 873 3157 se
890 3100 949 3157 baec
965 3099 1141 3176 praedicavit,
1154 3120 1200 3177 ap.

443 3186 566 3244 Nonium
582 3205 610 3263 p.
631 3206 694 3262 192,
710 3207 748 3245 ιι

1003 628 1180 691 AESCHYLI
1200 628 1445 689 FRAGMENTA.

1248 762 1408 837 pervicacia
1422 760 1523 819 amisit
1538 760 1617 819 ttihit
1632 762 1726 822 solatii
1740 782 1777 821 ex
1790 784 1824 824 ea
1837 785 1866 823 re
1882 766 1989 846 accipit,

1248 848 1327 924 quod
1348 852 1501 905 Hectorem
1516 849 1592 906 cirea
1606 851 1729 908 Patrocli
1744 854 1883 910 tumulum
1900 856 1990 922 traxit,

1248 937 1318 995 nihil
1332 937 1411 1014 qaod
1431 937 1596 1014 ademptam
1610 939 1766 997 Briseidem
1785 944 1911 1020 recepit,
1929 944 1990 1001 nihil

1247 1024 1325 1101 quod
1350 1024 1396 1082 llii
1419 1026 1660 1102 expugnationem
1683 1027 1790 1085 instare
1812 1028 1924 1085 sciebat
1946 1036 1981 1087 Pa

1248 1115 1355 1170 troclus
1376 1114 1451 1171 enim
1476 1113 1593 1171 interiit.
1615 1118 1670 1171 Per
1694 1115 1791 1191 plures
1813 1114 1873 1173 dies
1890 1136 1925 1173 ne
1944 1136 1993 1173 νοι

1248 1200 1365 1275 quidem
1378 1200 1440 1276 ejus
1458 1198 1557 1258 andita
1576 1213 1629 1257 est.
1644 1201 1716 1259 Silet
1730 1203 1896 1278 gravissimo
1915 1204 1991 1261 luctui

1247 1286 1407 1363 indulgens
1428 1286 1553 1345 Advenit
1576 1289 1751 1367 Mercurius,
1777 1290 1827 1367 qui
1842 1292 1869 1349 ei
1890 1292 1992 1357 suadet,

1249 1384 1281 1429 ut
1300 1373 1414 1431 tandem
1436 1372 1588 1451 aliquando
1609 1374 1645 1432 ab
1660 1376 1702 1433 ira
1718 1376 1845 1435 desistat.
1859 1378 1993 1436 Adventu-

1248 1478 1310 1517 rum
1334 1460 1409 1518 enim
1434 1480 1496 1518 esse
1524 1461 1684 1533 Priamum,
1710 1462 1761 1538 qui
1786 1466 1895 1541 maguis
1916 1467 1993 1543 copiis

1250 1551 1401 1606 Hectorem
1418 1548 1455 1605 sit
1472 1548 1689 1626 redempturum
1703 1550 1744 1607 las
1761 1570 1823 1608 esse
1842 1566 1994 1630 rectumque

1249 1654 1347 1692 senem
1361 1635 1483 1692 comiter
1496 1636 1598 1713 accipi.

1289 1721 1447 1799 Tragoediae
1467 1722 1593 1799 Phryges
1607 1736 1708 1781 vocata
1727 1738 1787 1799 est,
1801 1728 1870 1803 quia
1885 1728 1995 1805 Phrygis

1250 1807 1372 1867 chorum
1391 1809 1617 1882 constituebant,
1631 1812 1661 1867 in
1675 1831 1734 1887 qao
1755 1825 1850 1871 tamen
1870 1816 1995 1873 incertum

1250 1906 1293 1953 est
1315 1897 1458 1955 Priamine
1472 1896 1513 1954 illi
1532 1898 1651 1955 comites
1672 1899 1777 1957 luerint
1794 1920 1830 1957 aa
1852 1903 1954 1980 captivi
1970 1903 1995 1959 in

1251 1985 1375 2041 tentorio
1391 1984 1531 2053 Achillis,
1549 1984 1573 2041 si
1591 1986 1732 2058 Priamus,
1751 1999 1784 2044 ut
1805 1989 1885 2065 apud
1901 1992 1994 2046 Home·

1251 2094 1314 2131 rum
1335 2087 1395 2147 est,
1416 2075 1494 2132 solus
1507 2074 1597 2132 venit.
1612 2077 1754 2133 Posterior
1771 2079 1926 2137 Hermauni
1938 2100 1992 2135 sea-

1251 2162 1338 2218 tentia
1358 2173 1417 2233 est,
1432 2162 1666 2239 priorWelclaeri
1688 2183 1780 2240 eaque
1800 2167 1901 2241 procul
1920 2165 1997 2223 dubia

1250 2248 1354 2316 varior,
1368 2249 1392 2306 si
1405 2247 1521 2326 quidem
1536 2249 1740 2328 Aristophanes
1751 2252 1829 2329 apad
1839 2254 1998 2312 Athenaeum

1250 2340 1273 2405 l,
1287 2354 1314 2412 p.
1330 2356 1377 2410 ιι,
1392 2340 1424 2408 Ε,
1438 2336 1499 2394 haec
1513 2336 1605 2395 dixit:

1486 2463 1554 2530 Tot<
1568 2464 1676 2546 Φρύγες
1688 2456 1745 2525 olda
1759 2469 1881 2547 θεωρῶν,

1249 2548 1337 2630 deeris»
1345 2548 1461 2632 Πριάμῳ
1468 2544 1999 2631 cullnco'pcvotr'ovtraid'didovrcdsta'm.

1250 2680 1336 2737 Initio
1350 2679 1490 2757 tragoediae
1502 2680 1538 2739 ad
1552 2695 1691 2740 tacentem
1705 2684 1840 2742 Achillem
1851 2684 2001 2743 Mercurius

1249 2767 1433 2827 introductus
1443 2789 1504 2828 esse
1515 2770 1638 2839 dicitur,
1655 2784 1740 2829 otest
1753 2772 1831 2850 apud
1841 2774 1999 2850 scriptorem

1250 2856 1320 2912 viaae
1334 2857 1474 2932 AEsclryli:
1486 2857 1548 2935 [ta]
1558 2856 1606 2916 Ἐν
1620 2857 1647 2915 δὲ
1660 2858 1693 2929 dl,
1706 2867 1757 2925 τοῖς
1766 2858 1897 2939 Ἕκτορος
1911 2857 2000 2937 tepea

1250 2940 1381 3018 Ἀχιλλεὺς
1395 2944 1490 3018 ὁμοίως
1505 2943 1729 3022 ἐγκεκαλυμμένος
1747 2948 1776 3003 οὗ
1790 2945 1928 3027 ρθέγγετει
1940 2944 1999 3012 πλὴν

1248 3030 1273 3086 ἐν
1288 3030 1380 3108 ἀρχαῖς
1391 3030 1469 3107 ὀλίγα
1483 3028 1546 3110 πρὸς
1562 3030 1665 3111 Ἑρμῆν
1678 3030 1811 3109 ἆμοιίιῖα.
1827 3032 1933 3091 Eadem
1952 3032 2002 3087 lere

1248 3114 1333 3172 relect
1346 3115 1520 3173 scholiastes
1538 3118 1574 3174 ad
1599 3120 1799 3197 Aristophanis
1819 3124 1895 3178 llan.
1908 3140 1934 3176 r.
1952 3128 1997 3193 ptr

1245 3216 1284 3273 ct,
1305 3203 1355 3281 qui
1373 3204 1452 3262 locus
1465 3204 1547 3262 valde
1558 3221 1712 3284 corruptus
1721 3220 1774 3279 est,
1786 3207 1958 3266 scholiastes
1969 3204 2000 3262 ad
2076 3228 2077 3243 ι

530 3302 736 3360 Scamandriam
761 3304 863 3360 undam
878 3305 950 3361 salso
968 3315 1091 3362 sanctam
1108 3307 1198 3362 obtexi
1246 3294 1376 3369 AEwhyll
1391 3298 1484 3352 Pr0111·
1503 3297 1568 3361 435·
1579 3296 1703 3354 sedebat
1713 3310 1808 3354 autem
1823 3298 1947 3356 Achilles
1959 3315 2002 3352 ιι·

892 3385 1025 3456 sanguine

1248 3385 1305 3458 pite
1319 3380 1459 3440 obvoluto
1481 3403 1540 3459 prae
1557 3383 1658 3440 dolore
1671 3384 1709 3440 oh
1721 3386 1925 3462 interemptum
1938 3383 2003 3440 arai·

495 3469 577 3532 atquc
599 3477 709 3518 acervos
735 3461 789 3518 alta
815 3461 844 3517 ia
864 3463 938 3518 autni
965 3480 1079 3536 corpore
1098 3466 1200 3536 explevi
1247 3468 1668 3545 cumadtairttercurius,m
1685 3472 1827 3530 Achillem
1847 3472 1887 3530 de
1905 3471 2003 3528 sevitia

868 3541 985 3598 hostico.

443 3649 475 3702 ln
500 3656 645 3702 mortuum
672 3650 824 3704 Hectorem
847 3648 968 3706 Achilles
993 3650 1113 3707 sortasse
1141 3651 1202 3708 lraec

442 3731 526 3800 dixit,
541 3731 612 3790 ibid.
628 3753 657 3810 p.
676 3752 743 3805 227,
759 3735 816 3796 30:

599 3845 655 3902 Ubi
670 3861 743 3901 nunc
754 3847 882 3904 terricula
899 3855 946 3904 tua
959 3851 1043 3904 suot?

442 3951 564 4028 Reliqua
590 3953 640 4008 vix
667 3972 732 4010 cnm
757 3954 812 4010 nlla
836 3952 1039 4029 probabilitate
1065 3954 1201 4012 constitut

443 4053 570 4120 possunt.

734 4148 919 4171 ἤ...-

442 4253 617 4317 t‘tttttttus
653 4273 725 4314 stvtt
754 4255 937 4314 HECTOlllS
969 4253 1200 4313 nubunnrto.

480 4387 543 4441 lam
565 4383 675 4440 linitum
695 4395 738 4440 est
758 4394 917 4452 certamen,
938 4385 1044 4440 Hector
1065 4381 1203 4440 occubuit

441 4489 531 4528 casas
549 4489 632 4527 manu
646 4471 778 4541 Achillis,
797 4469 923 4526 hostium
936 4489 1007 4546 opes
1022 4469 1117 4526 fractae
1135 4482 1203 4527 sunt

1247 3556 1333 3613 animi
1347 3555 1553 3615 dehortaretur.

1286 3643 1398 3700 Deinde
1421 3663 1508 3720 qaum
1535 3643 1699 3702 advenisset
1715 3646 1843 3703 Priamus
1863 3647 2004 3703 filimere

1247 3722 2004 3809 dempturns‚Aclrilleseumnihilcuraivit,iraescmper

1246 3815 1397 3892 indulgens
1420 3837 1514 3894 aeque
1534 3817 1690 3895 quidquam
1706 3821 1820 3894 roganti
1832 3821 1893 3897 regi
1907 3821 2003 3879 liliam·

1194 3955 1199 3968 ,
1246 3922 1302 3979 que
1326 3917 1469 3961 mortuum
1485 3907 1646 3982 reposcenti
1667 3907 1823 3983 respondit.
1846 3911 1889 3964 Hx
1906 3907 2002 3964 Priami

1246 3991 1376 4050 oratione
1402 3994 1520 4051 sortasse
1541 4007 1656 4070 sumpta
1680 4009 1764 4066 sant,
1789 4014 1855 4072 quae
1878 3994 2003 4052 Stobaeus

1246 4079 1460 4137 servavitFlor.
1482 4084 1598 4150 CXXV,
1613 4102 1646 4153 7:

1297 4209 1359 4289 [47]
1378 4207 1437 4273 Kal
1457 4209 1529 4285 τοὺς
1544 4208 1691 4286 θανόντας
1699 4208 1725 4273 εἰ
1736 4208 1829 4287 θέλεις
1847 4212 2006 4304 εὐεργετεῖν

1297 4311 1353 4377 εἴτ’
1370 4309 1420 4378 οὖν
1438 4320 1614 4405 κακουργεῖν
1625 4305 1808 4404 ἀμφιδεξίως
1819 4315 1884 4404 ἔχει

1299 4426 1344 4502 τῷ
1359 4422 1436 4507 μήτι
1454 4416 1569 4509 χαίρειν
1580 4421 1658 4507 μήτε
1673 4417 1832 4484 λυπεῖσθαι
1846 4421 1982 4511 ρθιτεύς.

1298 4507 1393 4610 lipsiae
1406 4545 1441 4613 γε
1457 4524 1562 4611 μέντοι
1577 4521 1691 4610 ripaei:
1708 4523 1766 4590 ἐσθ’
1778 4527 1952 4617 ὑπιρτὲρα,

442 4569 471 4614 et
483 4556 652 4629 deminutae,
664 4557 789 4614 vindicta
800 4569 914 4634 sumpta
925 4569 984 4626 est,
998 4555 1082 4613 dolor
1095 4569 1201 4628 manet,

441 4645 491 4720 qui
506 4644 567 4702 snit.
583 4644 708 4703 Achilles
724 4663 782 4701 nou
795 4644 908 4720 ignorat
922 4643 1016 4700 statim
1030 4655 1096 4720 post
1109 4643 1200 4701 inter·
1297 4625 1348 4691 Ml
1360 4626 1565 4702 ῒῡῡθανόντθς
1579 4633 1597 4699 i
1621 4619 1689 4700 δίκη
1707 4628 1950 4720 apdaaasdeov.

442 4733 514 4790 ittan
534 4733 663 4792 Hectoris
683 4735 802 4789 mortem
823 4731 878 4789 sibi
904 4731 1022 4798 instare,
1043 4742 1137 4788 tamen
1156 4731 1201 4788 sui
1245 4734 1322 4791 Dicit
1342 4735 1471 4792 Priamus
1497 4736 1603 4792 nullam
1630 4749 1745 4794 mortuo
1766 4737 1901 4812 injuriam
1922 4738 2009 4814 indigi

442 4819 550 4878 oblitus
565 4832 642 4878 totus
656 4832 698 4876 est
712 4821 741 4876 in
756 4839 877 4876 moernre
893 4818 1055 4896 caedemque
1069 4819 1202 4897 deplorat
1245 4839 1343 4898 posse3
1364 4822 1495 4880 vivoram
1515 4843 1577 4880 esse
1595 4843 1652 4880 noa
1673 4824 1813 4902 negligere
1828 4824 2008 4887 defunctum,

442 4907 579 4967 carissimi
600 4907 685 4977 socii,
704 4927 788 4986 quem
815 4906 947 4964 Hectoris
966 4909 1073 4964 virtute
1095 4926 1202 4983 suaque
1246 4921 1331 4986 atque
1345 4910 1418 4968 adeo
1433 4931 1464 4970 se
1479 4911 1552 4970 velle
1567 4931 1632 4970 eum
1646 4913 1784 4972 redimere
1797 4924 1826 4971 et
1847 4913 1890 4972 fas
1906 4934 1970 4972 esse
1982 4931 2010 4970 se

597 5092 604 5106 ·
796 5071 842 5122 tt.
1242 5065 1298 5119 sive
1310 5063 1391 5120 etiam
1403 5064 1503 5136 injuria
1514 5065 1627 5139 perinde
1639 5076 1692 5135 est,

478 5143 505 5212 ιιι
526 5137 699 5210 redemptione
710 5139 817 5188 nectaris
833 5137 935 5212 Achilles
952 5138 1083 5212 obvolutus
1096 5138 1155 5190 nam
1166 5141 1200 5190 to
1243 5157 1327 5212 qaum
1342 5159 1430 5216 neque
1442 5144 1582 5216 gaudeant
1600 5161 1688 5216 neque
1698 5142 1808 5201 doleant
1818 5143 1959 5200 defuncti.

446 5205 594 5264 quamnam
609 5213 684 5262 γιιιιει
698 5200 809 5262 quiedam
821 5200 923 5252 ltttltom
937 5199 1050 5250 dtterbus
1063 5215 1119 5252 oum
1137 5211 1199 5254 ‚tter-
1244 5223 1344 5275 pefflm
1358 5220 1430 5293 apud
1443 5238 1493 5278 nos
1504 5223 1665 5281 verecundia
1676 5221 1895 5294 plurissacjfflda
1903 5227 1960 5290 αρ’

442 5283 519 5320 Μ’
798 5343 844 5392 47,
1245 5319 1272 5367 et
1282 5312 1555 5383 justitiarindictam
1569 5315 1670 5372 mortui
1682 5313 1774 5388 exigit

418 5459 423 5466 .
446 5411 479 5466 Et
491 5417 615 5465 mortuos
628 5409 683 5466 sire
694 5410 732 5466 ris
745 5408 877 5466 beneficio
891 5409 999 5468 allicere
