4567 6425
816 718 1024 780 soeuoctts
1045 720 1290 783 FRAGMENTA.

1783 750 1838 797 ‘259

294 848 330 901 lta
347 843 446 901 cbuurs
465 843 508 901 vel
535 856 611 902 vates
632 844 735 921 aliquis
756 865 792 902 ex
817 846 894 903 raede
921 847 1028 924 Cygni,
1082 848 1192 906 uelauru
1206 864 1333 909 oratores
1346 854 1446 911 missos
1456 854 1493 915 ad
1507 860 1689 934 repetendam
1702 868 1837 927 Helenam

293 952 365 1005 rqrrcrn
375 932 604 990 invulnerabilem
617 946 800 1011 putaverunt,
812 935 885 991 male
895 935 932 992 de
943 935 1029 992 rebus
1082 934 1120 993 ab
1132 942 1278 997 Antenore
1295 943 1383 997 domo
1398 956 1528 1021 receptus
1544 966 1605 1003 esse
1620 949 1712 1007 tradit.
1729 958 1838 1033 Cupio-

293 1019 382 1076 lutun's
405 1021 545 1077 ominatns
563 1041 579 1077 a
602 1021 655 1077 dea
677 1022 772 1097 aliqua
793 1023 908 1080 concuti
928 1024 1028 1080 moeraia

293 1106 360 1162 urbis
372 1108 524 1165 interiturae
538 1108 683 1184 praedicat.

562 1250 734 1267 w—

450 1344 614 1403 fletuum
637 1346 849 1407 REPETITIO.

321 1472 467 1549 Sophocles
488 1478 585 1553 plures
604 1478 754 1553 tragoedies
775 1480 899 1555 scripsit,
924 1476 1028 1556 qulbus

291 1579 329 1614 res
338 1574 423 1634 gestas
435 1568 548 1622 Helenae
560 1568 702 1640 exposuit,
714 1586 834 1642 quarum
856 1569 931 1624 inter
950 1568 1027 1645 ipsas

290 1648 397 1706 rationes
408 1670 494 1727 quum
515 1654 689 1728 interpretes
702 1674 759 1711 uon
780 1657 849 1713 satis
861 1658 1026 1732 perspexis-

290 1748 354 1805 sent,
373 1738 474 1795 accidit
504 1754 535 1799 ut
557 1762 618 1818 que
639 1741 832 1799 diversissimo
859 1758 1026 1820 argumento

290 1821 389 1897 scripta
402 1838 503 1897 essent,
517 1828 672 1904 saepissime
683 1829 900 1887 confunderent.
915 1833 1027 1887 Primus

291 1911 437 1970 ll'elelxerus
462 1916 526 1973 illas
550 1919 694 1995 separavit
720 1922 908 1997 expositoque
929 1921 1027 1978 rudus-

290 1996 411 2075 cujrrsque
433 2018 604 2080 argumento
628 2006 765 2065 distinxit.
793 2011 827 2065 Iu
854 2010 1025 2085 quibusdam

290 2084 361 2142 lrnrlie
375 2108 487 2165 quoque
500 2092 589 2150 variae
600 2094 729 2150 virorum
744 2094 893 2153 doctorum
913 2110 1024 2156 senteu-

289 2172 327 2227 tia
343 2191 490 2251 remanent,
516 2179 760 2258 dubitautqneilli
783 2182 820 2241 de
840 2184 936 2257 rebus,
955 2206 1026 2262 quas

289 2276 358 2334 pieta
378 2267 517 2337 tractarit,
535 2281 595 2325 turn
613 2269 755 2327 fuerintne
778 2270 881 2329 labulae
895 2274 1026 2348 satyricae

288 2367 316 2401 an
331 2352 469 2424 tragediae.
484 2360 557 2412 Sunt
579 2368 673 2414 tamen
689 2359 824 2427 rationes,
839 2358 944 2436 quibus
963 2361 1025 2418 illas

288 2436 380 2493 lalurlas
402 2462 461 2499 esse
482 2444 620 2519 satyricos
634 2446 831 2505 demonstrare
852 2447 1024 2518 voluerunt,

288 2523 410 2602 plereque
427 2530 588 2602 levissimae,
604 2532 683 2591 nullo
696 2545 835 2603 xveterum
861 2536 1025 2592 testimonio

287 2614 437 2672 mutumne
457 2618 487 2674 in
504 2620 684 2697 singulisque
699 2619 798 2679 verbis
812 2624 856 2679 vel
870 2622 1023 2681 verborum

289 2696 372 2755 isarnus
381 2705 604 2780 comprehensae,
617 2720 650 2764 nt
668 2709 742 2766 nihil
755 2709 822 2768 fidei
837 2710 959 2769 habeant
972 2732 1025 2771 ne·

287 2802 332 2858 que
346 2794 555 2863 persuasionem
568 2815 684 2854 movere
700 2798 819 2875 possint.

320 2868 511 2950 Argumentum
528 2883 677 2955 tragediae,
688 2904 752 2961 quae
765 2890 883 2942 Heleure
892 2896 1023 2962 repetitio,

287 2953 378 3031 'filma
388 2964 538 3038 ἀπαίτησις,
561 2968 635 3027 dicta
654 2983 707 3041 est,
729 2974 916 3049 repetendum
930 2990 1024 3033 estex

287 3047 368 3106 ltrirlii
385 3057 576 3133 Metaruorplr.
591 3062 671 3129 xm,
689 3065 838 3136 196-203:

288 3176 366 3235 liittor
376 3190 403 3237 et
414 3185 512 3242 Illaras
526 3186 613 3244 audax
626 3196 720 3245 orator
733 3188 768 3244 ad
781 3205 857 3247 arces

288 3259 382 3330 visaque
393 3273 419 3318 et
431 3263 532 3320 intrata
544 3276 586 3322 est
598 3267 660 3323 altae
673 3268 740 3323 milti
753 3271 828 3324 curia
840 3273 863 3325 'I
864 3271 928 3341 rnJ'ae
944 3290 951 3326 ε

287 3336 400 3410 plenaque
410 3343 500 3399 adlrue
511 3353 571 3399 erat
582 3345 627 3400 illa
639 3345 712 3401 vlris.
728 3347 873 3404 Interritus
883 3349 925 3420 egi

285 3431 352 3484 quarn
363 3419 426 3476 milri
439 3421 583 3478 mandarat
594 3425 748 3481 communis
761 3427 867 3482 Gracia
881 3443 1007 3494 causam,

285 3507 416 3568 accusoque
426 3501 508 3556 Parin
520 3505 694 3575 praedamque
707 3505 893 3578 Helenamque
899 3523 1020 3578 reposco.

285 3581 306 3624 et
316 3589 398 3632 ruoren
409 3580 548 3636 Priamum
563 3581 723 3654 PrIamoqne
734 3588 874 3640 Antenora
883 3586 1019 3656 junctum.

285 3655 313 3702 tt
325 3655 391 3710 Peru
399 3666 427 3711 et
439 3655 540 3714 iratres
552 3661 638 3732 etqui
650 3677 762 3732 rapuere
772 3663 823 3719 sub
835 3663 883 3718 illo

285 3729 317 3781 ιιι
328 3739 427 3790 uouere
439 3751 542 3792 manus
555 3740 618 3802 (scis
631 3739 699 3808 boc,
712 3743 860 3808 Ileuelae),
877 3741 1020 3799 nefandas.

285 3855 379 3922 Quibus
391 3861 526 3919 versibus
542 3863 620 3938 quod
637 3867 817 3922 IIerruannus
827 3867 966 3925 incertum
977 3889 1022 3927 re-

284 3937 361 4015 liquit,
379 3946 545 4024 conjectura
561 3949 671 4008 definiri
684 3965 789 4028 potest.
803 3955 861 4011 Vix
879 3955 956 4012 enim
968 3956 1021 4014 du-

285 4025 357 4087 tauri
379 4047 472 4109 potest
491 4037 564 4113 quin
578 4037 686 4095 Ilelena
703 4039 793 4114 Trojae
815 4043 1022 4116 tautummodo,

284 4131 331 4171 non
346 4121 372 4176 iu
384 4127 510 4201 Egypto
524 4126 614 4200 repeti
639 4127 773 4201 potuerit.
790 4127 864 4184 Illud
888 4132 1022 4188 convenit

283 4205 468 4279 antiquissimae
492 4210 655 4269 fabularum
684 4216 827 4271 memoria
851 4235 935 4292 quam
963 4223 1021 4276 So·

285 4288 381 4359 plroeles
407 4299 487 4375 sequi
508 4300 583 4356 solet
605 4301 704 4376 reique
724 4301 789 4379 ipsi.
809 4306 925 4360 Servata
944 4305 1019 4361 enim

283 4374 326 4432 brit
343 4384 453 4454 llelena,
469 4399 501 4443 ut
525 4385 640 4462 quidam
662 4387 799 4461 referunt,
812 4391 841 4447 in
862 4395 1020 4469 AEgyptoa

284 4465 381 4539 Proteo,
405 4484 437 4528 ut
456 4475 674 4544 restitueretur3
702 4496 795 4552 ueque
814 4497 883 4533 reru
904 4479 1020 4537 invenio

281 4555 346 4625 aput
359 4558 444 4616 ullum
457 4561 631 4637 scriptorem
653 4577 752 4619 notum
777 4563 847 4620 illud
861 4565 948 4623 luisse
961 4570 1021 4624 Me·

284 4641 360 4711 arelao,
372 4649 418 4722 qui
435 4648 502 4706 ideo
523 4651 552 4707 in
572 4655 728 4728 AEgvptum
750 4655 895 4728 proiectus
918 4657 964 4728 sit,
989 4670 1020 4714 ut

282 4728 413 4808 conjugem
434 4750 588 4814 repeteret.
613 4741 851 4798 lliseonveuiuut
876 4757 1020 4819 quaesunt

282 4812 375 4876 inllaii
391 4823 513 4901 interpr.
535 4825 570 4882 ad
593 4827 660 4886 AEn.
676 4833 699 4894 I,
723 4836 778 4896 ala
800 4843 828 4885 et
848 4831 924 4906 apud
946 4837 1016 4889 Pro-

281 4901 352 4961 elram.
368 4911 483 4969 accedit
497 4913 575 4989 qnod
586 4926 652 4971 sunt
667 4915 796 4990 rqrraedarn
810 4917 838 4972 in
854 4918 1019 4994 fragmentis

281 4993 416 5068 trqetiae,
431 5019 497 5075 quae
510 5001 559 5057 vix
572 5001 621 5058 ulli
637 5002 685 5058 alii
700 5003 755 5060 uisi
769 5007 908 5062 Antenori
926 5007 1020 5065 vindi-

281 5078 328 5134 (δή
353 5086 467 5158 prissiut.
491 5088 613 5146 Videtur
640 5089 729 5167 igitur
753 5105 837 5170 poeta
860 5097 1016 5152 Homerum

1082 1022 1141 1079 sins
1163 1024 1236 1083 idem
1257 1028 1419 1103 expositum
1435 1044 1477 1087 est
1491 1052 1506 1087 a
1522 1033 1610 1091 schol.
1629 1037 1709 1097 Iliad.
1727 1041 1757 1111 l',
1774 1050 1838 1101 noli.

1085 1109 1224 1169 Videntur
1237 1114 1325 1191 igitur
1339 1116 1476 1189 Priamus,
1490 1119 1599 1191 Ulixes,
1609 1125 1765 1200 Menelaus,
1779 1136 1839 1189 An-

1083 1207 1175 1267 tenor,
1195 1198 1316 1261 sortasse
1333 1204 1411 1261 Paris
1432 1224 1562 1281 persone
1579 1212 1723 1286 tragoediae
1744 1217 1839 1292 luisse,

1083 1302 1177 1361 neque
1199 1288 1335 1346 Helenam
1357 1294 1514 1364 putaverim
1539 1295 1670 1355 alienam.
1696 1307 1839 1373 Quocirca

993 1402 998 1411 ·
1078 1370 1138 1445 jam
1159 1388 1280 1451 apparet
1294 1378 1388 1453 qualis
1409 1379 1437 1435 in
1459 1383 1592 1457 tragoedia
1612 1397 1702 1445 status
1720 1405 1839 1451 contro-

1081 1460 1181 1517 versiae
1199 1461 1293 1522 luerit.
1317 1467 1463 1523 Menelaus
1483 1483 1510 1525 et
1535 1471 1634 1529 Ulixes
1658 1480 1840 1553 repetissem,

1081 1552 1209 1605 Antenor
1222 1550 1307 1629 hujus
1317 1574 1408 1610 crursae
1418 1575 1517 1612 suusur
1531 1568 1558 1613 et
1573 1572 1721 1635 patronus,
1733 1568 1838 1627 Helena

1082 1641 1198 1707 parata,
1223 1658 1287 1713 quae
1315 1643 1447 1699 maritum
1477 1658 1629 1721 sequatur,
1653 1652 1782 1712 Priamus
1809 1658 1838 1715 iu

1080 1732 1232 1802 utramque
1263 1741 1390 1803 partem,
1418 1744 1448 1786 ut
1475 1731 1570 1790 decuit
1592 1736 1736 1811 judicem,
1770 1763 1838 1820 par,

1081 1808 1161 1866 Paris
1176 1831 1249 1871 arrius
1273 1816 1327 1871 illis
1351 1816 1495 1876 aduersus.
1516 1824 1615 1897 ltaque
1638 1830 1734 1885 omnia
1756 1848 1838 1890 eram

1080 1893 1237 1981 ejusmodi,
1251 1915 1282 1959 ut
1307 1903 1476 1962 redderetur
1497 1909 1616 1981 Helena,
1636 1914 1689 1971 nisi
1713 1917 1837 1994 impedi-

1080 1997 1207 2044 mentum
1225 1992 1313 2067 magis
1330 1992 1388 2048 lain
1413 2014 1498 2069 quam
1517 1994 1583 2071 jure
1603 1999 1774 2062 destinatum
1796 2008 1838 2064 iu-

1080 2077 1258 2133 tervenisset.
1288 2080 1370 2155 Apud
1391 2084 1461 2139 Hor.
1485 2083 1539 2159 Ep.
1563 2104 1593 2155 a,
1620 2106 1654 2143 10
1673 2094 1836 2167 expositum

1079 2172 1144 2217 est:
1163 2172 1316 2223 «Antenor
1337 2168 1438 2225 suadet
1462 2168 1530 2227 belli
1557 2174 1713 2249 praecidere
1729 2200 1836 2241 causas.

1079 2247 1155 2316 Quid
1171 2252 1270 2309 Paris?
1295 2257 1446 2313 rit-salvus
1465 2272 1563 2335 regnet
1583 2262 1718 2341 vivatque
1737 2266 1837 2329 beatus

1078 2335 1142 2411 cogi
1161 2356 1243 2413 posse
1256 2354 1350 2419 negat.
1363 2369 1375 2393 v
1390 2344 1423 2401 Id
1440 2364 1508 2401 vero
1522 2348 1591 2405 satis
1605 2364 1731 2424 constat,
1751 2358 1852 2415 liele-¹

1076 2439 1141 2478 uam
1157 2424 1233 2483 inter
1249 2429 1400 2505 primarias
1417 2433 1559 2509 tragoediae
1574 2454 1712 2513 personas
1734 2462 1836 2502 unare-

1077 2510 1134 2566 rari
1148 2530 1205 2568 non
1218 2516 1356 2589 potuisse,
1376 2520 1443 2595 quia
1457 2521 1504 2577 alii
1523 2521 1560 2578 de
1576 2544 1623 2595 ea,
1642 2546 1706 2602 quae
1721 2532 1835 2603 vellent,

1076 2597 1295 2672 constituerunt,
1315 2604 1376 2680 ipsa
1397 2606 1467 2663 nibil
1482 2610 1631 2668 coustituit
1650 2619 1835 2691 usqueadeo

1077 2701 1177 2760 inagna
1187 2706 1267 2763 passa
1278 2702 1330 2761 est,
1342 2704 1374 2748 nt
1384 2692 1432 2750 illa
1441 2694 1603 2753 auditorum
1618 2702 1729 2759 animos
1741 2726 1825 2780 qnam

1077 2772 1198 2829 inanime
1211 2792 1413 2839 commoveret.
1433 2783 1512 2839 Paris
1533 2798 1562 2840 et
1579 2785 1680 2843 iratres
1702 2791 1835 2850 videmur

1075 2856 1190 2915 Priamo
1223 2866 1411 2939 persuasisse,
1441 2888 1477 2925 ne
1510 2871 1681 2932 redderetur
1714 2880 1833 2940 Helena.

1076 2945 1277 3007 Wetckerusa
1300 2952 1415 3011 vatibus
1438 2976 1549 3014 causam
1574 2959 1745 3042 diremptam
1774 2987 1834 3025 esse

1075 3046 1181 3093 censet.
1198 3042 1236 3093 At
1257 3056 1315 3096 uon
1337 3054 1449 3099 constat
1462 3043 1589 3120 quibus?
1609 3052 1644 3105 Et
1658 3054 1783 3110 liele-rurs
1798 3079 1831 3111 e-

1074 3117 1167 3177 tiamsi
1181 3121 1347 3199 intervenit,
1362 3144 1476 3187 nonest
1491 3145 1584 3190 tamen
1603 3138 1742 3197 credibile
1756 3146 1830 3197 'Iro-

1071 3201 1157 3279 J'anos
1184 3229 1245 3267 esse
1271 3228 1383 3272 secutos
1406 3220 1534 3290 oracula,
1561 3222 1666 3298 quibus
1690 3228 1831 3286 excidium

1074 3292 1154 3351 urbis
1182 3299 1397 3374 praedicebatur.
1425 3308 1569 3376 Quocirca
1594 3326 1672 3369 vates
1704 3327 1831 3373 tanatum-

1073 3381 1160 3439 modo
1187 3387 1360 3448 reddendam
1384 3393 1535 3467 Helenam,
1559 3417 1618 3454 non
1650 3403 1829 3462 retinendam

1073 3469 1193 3529 suadere
1207 3488 1372 3552 potuerunt.

1097 3543 1239 3620 ‘Chorum
1269 3566 1435 3624 Welckerus
1468 3584 1564 3630 censet
1602 3594 1638 3631 ex
1672 3578 1831 3656 Phrygibus

1072 3650 1264 3724 compositum
1277 3652 1372 3725 luisse,
1393 3655 1421 3712 id
1439 3657 1516 3732 qnod
1533 3661 1660 3719 amulum
1674 3685 1736 3722 esse
1754 3671 1831 3725 reri-

1073 3733 1247 3795 simillimum
1262 3740 1383 3800 videtur.
1394 3749 1494 3820 Neque
1514 3748 1591 3805 enim
1609 3751 1704 3809 Ulixes
1719 3765 1747 3810 et
1769 3759 1827 3813 lle-

1072 3822 1172 3881 nelaus
1186 3826 1255 3884 tales
1268 3831 1384 3886 comites
1397 3831 1538 3890 adducere
1553 3849 1719 3912 potuerunt,
1732 3854 1761 3896 ut
1777 3862 1830 3918 pru

1073 3909 1164 3966 oborn
1178 3927 1280 3986 essent,
1302 3937 1394 3994 neque
1416 3919 1524 3978 ancillae
1538 3923 1653 3982 llelenre
1675 3932 1829 3986 couventui

1073 3999 1303 4072 gravissimorum
1322 4006 1450 4062 virorum
1465 4009 1645 4082 couveuiuut,
1663 4033 1755 4089 neque
1772 4017 1828 4072 frar-

1074 4096 1131 4142 tres
1142 4088 1251 4146 Paridis
1264 4093 1331 4148 satis
1342 4094 1401 4170 apti
1419 4093 1562 4154 videntur.

1110 4175 1198 4232 Initio
1218 4179 1360 4253 tragoediae
1377 4181 1497 4239 luctasse
1516 4183 1669 4243 introducti
1687 4202 1753 4244 suut
1771 4195 1830 4247 Ille-

1074 4262 1172 4318 uelaus
1194 4277 1222 4321 et
1249 4267 1363 4337 Ulixes,
1399 4269 1449 4344 qui
1479 4272 1664 4346 rqrrarmnbrern
1690 4279 1829 4346 venerint,

1072 4364 1222 4427 exponunt
1248 4353 1382 4412 audiente
1404 4357 1503 4415 clroro.
1526 4361 1684 4418 Intervenit
1711 4366 1828 4434 Helena,

1072 4438 1140 4512 quu
1161 4459 1244 4498 voces
1260 4447 1412 4518 Spartanae¹
1422 4447 1544 4504 dialecto
1558 4449 1663 4508 similes
1677 4453 1827 4512 audiverit.

1072 4525 1165 4583 Scbol.
1179 4529 1278 4606 Eurip.
1294 4531 1390 4588 rhen.
1407 4535 1462 4590 'dra
1478 4555 1484 4589 ι
1504 4536 1536 4592 lii
1549 4535 1654 4616 γὰρκαὶ
1669 4539 1828 4611 Ἑλληνικῶς

1072 4613 1181 4671 ἐλάλουν
1196 4618 1222 4673 nl
1237 4617 1392 4690 Φοίνισσαι,
1401 4621 1461 4678 ἀλλ’
1474 4612 1518 4680 adv
1532 4645 1561 4696 γε
1572 4624 1619 4694 τήν
1633 4625 1739 4706 πάτριον
1755 4631 1824 4698 ἀπή-

1071 4690 1152 4777 χησιν
1172 4701 1268 4771 ἔσωζον
1290 4709 1336 4776 τῆς
1350 4713 1447 4788 φωνῆς,
1461 4711 1497 4776 ὡς
1519 4713 1654 4790 Σοφοκλῆς
1676 4717 1701 4772 ἑν
1717 4713 1825 4784 Ἱίλίνης

1072 4789 1226 4861 ἀπαιτήσει·

1071 4935 1132 5014 [69]
1151 4931 1210 5000 Καὶ
1226 4933 1283 5027 γὰρ
1293 4941 1451 5030 χαρακτὴρ
1467 4939 1558 5016 αὐτὸς
1571 4944 1599 5006 ἐν
1611 4943 1732 5034 paraq
1748 4941 1780 5006 τί
1789 4969 1823 5032 με

1142 5056 1309 5142 παρηγορεῖ
1322 5049 1462 5128 Λάκωνος
1479 5053 1628 5143 dependat
1640 5055 1743 5147 λόγου.

279 5179 377 5226 acutus
388 5193 458 5244 esse,
473 5175 523 5252 qui
542 5176 623 5232 Iliad.
641 5177 672 5246 Γ,
692 5177 758 5244 205,
777 5179 889 5238 Ulixem
912 5193 941 5238 et
957 5185 1016 5240 Me-
1069 5185 1201 5242 Nondum
1215 5186 1289 5244 euim
1303 5189 1419 5264 agnovit
1433 5190 1614 5269 Menelaum3
1626 5189 1742 5251 lurtasse
1757 5217 1821 5254 cum

279 5291 607 5316 Ἢ

282 5457 374 5518 Etenim
388 5479 472 5522 sonus
483 5467 541 5540 Ipse
554 5469 653 5540 linguat
666 5469 785 5543 quodam
798 5481 877 5543 pacto

1758 5323 1821 5336 t·—

1022 5388 1067 5438 69.

1073 5481 1137 5536 milri
1145 5482 1285 5553 persuadet
1293 5483 1820 5603 ulodoreraliquidorationisllfaoonira.
