4567 6425
723 985 1392 1252 runcano,

996 1369 1102 1388 -nu-

437 1655 621 1742 AEscnxm
643 1657 849 1766 tragoedias
862 1687 987 1770 qutun
1010 1661 1129 1744 latine
1153 1685 1345 1747 verterem
1365 1667 1405 1748 in
1426 1699 1538 1749 nsum
1569 1703 1705 1755 eorum

381 1793 536 1902 quibus
558 1791 673 1870 lectio
692 1792 837 1871 sullicit
860 1796 1033 1908 cursoria
1061 1826 1190 1906 neque
1212 1818 1366 1907 tempus
1396 1819 1452 1881 est
1480 1831 1610 1910 neque
1637 1833 1706 1887 vo·

382 1926 517 2004 luntas
534 1924 751 2002 accuratius
767 1940 813 2000 ut
837 1924 1039 2031 inquirant
1057 1945 1230 2033 poetam,
1276 1958 1355 2010 non
1392 1933 1496 2011 inter
1531 1937 1707 2018 minimas

382 2057 657 2150 difficultates,
682 2053 829 2161 quibus
854 2083 975 2161 opera
997 2085 1082 2135 mea
1101 2058 1351 2139 obsideretur
1375 2063 1578 2169 plurimis,
1608 2071 1705 2147 rel'e-

384 2186 554 2266 rendum
584 2185 744 2292 putavi,
776 2184 887 2293 quod
912 2185 1033 2264 verba
1060 2189 1144 2296 ipsa
1178 2190 1327 2298 ubique
1355 2195 1407 2271 ita
1434 2195 1705 2279 constituenda

383 2336 499 2396 erant
522 2319 637 2395 etiam
663 2317 772 2394 iniis
805 2313 924 2414 locis,
951 2320 1135 2425 quisunt
1162 2325 1467 2430 corruptissimi,
1491 2344 1535 2404 ut
1552 2329 1704 2436 aliquid

381 2449 518 2526 saltem
554 2446 842 2552 significarent,
872 2444 981 2553 quod
1020 2475 1151 2556 neque
1193 2451 1427 2533 abhorreret
1456 2484 1478 2532 a
1514 2463 1704 2537 sententia

381 2577 615 2684 legibusque
643 2577 786 2681 linguae
808 2605 941 2680 graecae
961 2582 1188 2660 conveniret
1215 2611 1344 2691 neque
1374 2583 1581 2692 indignum
1607 2609 1704 2668 esset
1789 2653 1795 2667 ,

380 2711 572 2814 gravitate
594 2709 810 2813 AEschylca.
830 2710 970 2816 Neque
987 2739 1048 2788 me
1062 2711 1201 2792 fefellit
1219 2716 1463 2820 provinciam
1487 2747 1590 2798 ame
1616 2749 1698 2799 sus-

378 2859 536 2948 ceptam
572 2840 697 2929 multo
727 2837 928 2918 difficilius
951 2843 1034 2946 geri
1074 2869 1195 2951 quam
1226 2845 1256 2923 si
1289 2847 1518 2954 AEschylum
1562 2849 1694 2932 denuo

377 2971 538 3050 ederem
560 2972 621 3048 vel
640 2973 929 3050 commentariis
943 2953 1174 3054 instruerem
1196 2977 1257 3054 vel
1283 3006 1328 3055 ex
1349 2978 1551 3060 codicibus
1571 3010 1701 3060 emen·

376 3107 527 3184 darem.
543 3105 645 3182 Nam
665 3105 696 3181 si
715 3103 797 3183 edis
814 3106 1047 3214 scriptorem
1073 3125 1267 3206 veterem,
1298 3109 1364 3186 ubi
1389 3112 1487 3189 nibil
1513 3114 1605 3191 novi
1632 3114 1700 3192 ba·

378 3236 473 3314 beas
494 3253 563 3314 aut
581 3264 718 3315 verum
743 3232 841 3343 quid
868 3239 917 3315 sit
935 3238 1132 3317 allirmare
1151 3230 1243 3318 nonw
1260 3243 1399 3347 possis,
1432 3258 1559 3320 tacere
1579 3244 1694 3337 licet,

374 3370 453 3446 alia
484 3386 674 3476 corrupta
701 3364 827 3467 dicas,
859 3370 981 3447 multa
1007 3370 1195 3468 obscura,
1228 3373 1420 3450 nonnulla
1451 3375 1567 3451 etiam
1597 3375 1698 3480 ejus-

376 3499 511 3595 modi,
539 3517 584 3577 ut
601 3501 683 3577 sine
704 3500 814 3577 novis
838 3500 1021 3581 subsidiis
1039 3501 1226 3607 explicari
1250 3520 1460 3609 nequeant.
1491 3504 1590 3601 Quae
1618 3535 1698 3584 non

372 3630 518 3709 eodem
537 3629 657 3708 modo
678 3631 793 3708 faciat
814 3632 1028 3737 interpres,
1063 3633 1127 3710 cui
1146 3630 1296 3740 ubique
1316 3632 1393 3710 hoc
1416 3662 1557 3712 munus
1571 3637 1698 3743 impo-

369 3764 493 3839 situm
517 3778 597 3855 est,
624 3777 668 3839 ut
685 3761 878 3867 exprimat
909 3761 1044 3839 saltem
1072 3762 1244 3869 aliquam
1271 3766 1501 3841 sententiam
1528 3766 1688 3874 adapta·

370 3909 454 3969 tam
486 3893 533 3969 iis
563 3918 652 4004 quae
679 3890 913 3969 antecedant
945 3908 984 3969 et
1010 3909 1227 3999 sequantur
1252 3920 1393 4001 neque·
1409 3893 1689 3975 abhorrentem

369 4023 426 4101 ab
450 4024 632 4101 instituto
657 4040 794 4129 poetae.
816 4023 907 4121 Qua
936 4024 977 4099 in
1007 4050 1050 4101 re
1077 4040 1120 4101 ut
1150 4023 1408 4101 satisfacerem
1429 4012 1548 4133 quani
1570 4028 1694 4133 pluri-

372 4155 447 4231 mis
468 4152 593 4261 idque
614 4182 703 4231 cum
729 4156 892 4232 minimo
922 4181 1009 4231 meo
1041 4156 1218 4260 periculo
1251 4155 1417 4233 lacerem
1446 4176 1565 4263 atque
1595 4186 1693 4264 pau-

368 4282 523 4361 cissima
538 4311 561 4360 a
579 4312 640 4361 me
663 4285 747 4390 ipso
766 4285 1061 4389 postularentur
1086 4287 1284 4364 :artificio
1312 4314 1465 4383 usurus,
1495 4286 1692 4366 Dindorfii

366 4413 588 4493 editionem
604 4414 753 4522 ubique
766 4414 1005 4525 sequendam
1023 4416 1135 4493 initio
1154 4413 1402 4493 decreveram
1422 4444 1510 4522 quae
1536 4433 1576 4494 et
1592 4416 1693 4497 bene

366 4545 580 4625 emendata
600 4545 778 4651 plurimis
796 4544 890 4623 locis
909 4543 1112 4624 videretur
1136 4564 1176 4624 et
1197 4573 1315 4653 quam
1344 4548 1523 4651 proxime
1548 4545 1597 4625 ad
1624 4577 1690 4629 co·

366 4677 506 4755 dicum
545 4679 778 4783 scripturam
816 4676 1018 4756 accederet
1051 4696 1091 4757 et
1135 4707 1259 4785 pauca
1304 4678 1569 4785 relinqueret,
1603 4709 1691 4788 quae

366 4808 537 4911 intelligi
573 4834 654 4884 non
686 4825 853 4914 possent.
888 4810 1038 4885 Verum
1079 4837 1170 4885 mox
1206 4809 1378 4886 intellexi
1417 4836 1526 4915 spem
1566 4837 1690 4887 nream

363 4940 577 5045 deceptam
601 4966 691 5016 esse.
716 4939 856 5046 Neque
881 4940 986 5017 enim
1008 4938 1151 5018 desunt
1180 4942 1220 5017 in
1240 4940 1306 5017 illa
1326 4939 1499 5017 editione
1527 4940 1626 5036 loci,
1649 4943 1689 5019 in

362 5070 521 5179 quibus
536 5072 746 5148 auctoritas
765 5068 947 5148 codicum
966 5069 1071 5148 bona
1090 5088 1129 5150 et
1149 5072 1255 5149 haud
1273 5067 1559 5149 contemnenda
1581 5098 1688 5176 spre-

360 5222 403 5281 ta
421 5202 475 5279 sit
492 5196 691 5295 ,editione
717 5200 946 5305 Glasguensi
978 5202 1093 5279 nimis
1127 5202 1295 5281 fideliter
1326 5228 1527 5305 expressa;
1557 5227 1687 5308 neque

357 5332 503 5413 omnia
529 5330 582 5407 ita
598 5331 793 5409 cohaerere
819 5332 985 5430 dixeris,
1014 5350 1059 5410 ut
1077 5333 1277 5411 sententiae
1298 5330 1398 5409 bene
1423 5350 1687 5436 congruerent

353 5460 684 5569 copularentque
704 5488 812 5539 sensa
840 5482 975 5569 poetae.
1003 5464 1052 5542 Et
1075 5461 1278 5571 quomodo
1308 5460 1503 5544 deteriora
1528 5462 1684 5539 asciscas

460 5597 598 5641 m
1543 5604 1560 5640 Ι
