4567 6425
833 637 1041 699 sotuoctts
1061 637 1312 701 FRAGMENTA.

293 774 392 847 licque
404 791 475 831 vero
493 774 636 831 Electram
653 790 718 829 erim
731 771 881 829 Welclero
898 770 1047 827 intellexe-

293 860 355 929 rim,
371 860 421 917 sed
434 862 688 937 clytemnestram,
702 880 766 937 quae
789 860 818 916 in
840 858 940 916 intima
960 857 1048 914 domn

291 948 425 1005 maritum
449 949 602 1008 interemit.
624 950 760 1025 Sequitur
780 947 907 1005 defensio
928 945 1047 1013 Orestis,

290 1054 355 1110 qnae
370 1037 417 1093 eui
433 1036 584 1095 tribuenda
600 1038 637 1094 sit
651 1038 791 1095 incertum
813 1046 864 1091 est,
879 1034 960 1091 stoli.
974 1037 1047 1102 (IVI,

275 1129 302 1175 ἰ
314 1141 323 1176 ι
339 1144 346 1177 :

293 1243 369 1321 [2³9]
384 1245 487 1310 Δεινόν
499 1270 532 1339 γε
539 1248 608 1325 τοὺς
620 1246 673 1337 μὲν
681 1238 834 1320 δυσσεόεῖς
843 1250 941 1308 κακῶν
955 1238 1047 1306 τ’ἇπο

290 1358 495 1442 βλαστόντας,
507 1356 572 1425 εἶτα
588 1351 699 1427 τούσδε
710 1360 763 1451 μὲν
777 1357 919 1447 πρόσσειν
936 1362 1046 1439 καλῶς,

289 1472 359 1547 τοὺς
376 1462 404 1536 δ’
419 1470 509 1551 ὄντας
525 1475 645 1553 ἐσθλοὺς
662 1476 696 1541 ἔκ
712 1501 746 1541 τε
760 1472 901 1567 γενναίων
918 1471 983 1560 ἅμα

287 1594 424 1675 γεγῶτες
440 1584 508 1653 εἶτα
526 1580 682 1679 δυστυχεῖς
699 1590 868 1679 πεφυκέναι.

289 1702 334 1762 Οὐ
351 1710 427 1791 χρῆν
446 1694 519 1767 τόδ’
535 1706 614 1769 οὕτω
627 1695 772 1793 δαίμονας
789 1702 902 1773 θνητῶν
919 1702 986 1788 πέρι

288 1813 441 1901 πράσσειν·
460 1818 547 1907 έχρῆν
560 1816 618 1909 γὰρ
632 1818 701 1893 τοὺς
718 1820 771 1907 μὲν
784 1810 911 1891 eiectae
930 1820 1047 1904 βροτῶν

287 1928 366 2017 ε’χειν
383 1954 415 1993 τι
431 1924 537 2021 κέρδος
549 1930 676 2023 ε’μφανὲς
693 1930 765 1995 θεῶν
783 1927 878 2021 πείρα,

288 2044 358 2117 τσὺς
372 2034 401 2106 δ’
417 2045 508 2122 ὄντας
522 2038 645 2123 ἀδίκους
661 2036 769 2111 τοῖσδῖ
780 2048 833 2118 τῆν
850 2041 986 2109 ἐναντίαν

288 2144 374 2227 δίκην
390 2168 491 2223 κακῶν
509 2162 638 2251 τιμωρὸν
656 2163 773 2249 ἐμφανῆ
790 2158 890 2223 τίνειν·

288 2260 403 2346 κούδεὶς
418 2268 453 2336 ἂν
471 2276 566 2352 οὕτως
583 2277 700 2365 εὐτύχει
714 2277 806 2351 κακὸς
819 2276 925 2366 γεγώς.

289 2399 389 2471 Νικγιιε
404 2418 472 2457 vero
486 2401 548 2459 lraec
562 2402 655 2479 judici
669 2402 745 2459 dicta
757 2401 937 2459 crediderim.
953 2401 1048 2458 Aletes

288 2483 394 2541 deinde
416 2506 505 2563 quum
520 2510 604 2549 cansa
619 2491 764 2560 ceciderit,
781 2490 837 2547 hoc
852 2490 963 2567 insigne
990 2491 1048 2579 ipr-

288 2572 447 2631 tnnaeinter
456 2576 586 2636 homines
597 2580 736 2637 instabilis
746 2579 907 2653 exernplnm
916 2576 1049 2645 babetur,

287 2660 515 2741 deploraturqne
527 2688 590 2725 sors
603 2669 736 2735 bumana,
751 2686 815 2742 qnae
831 2667 867 2722 sit
882 2677 938 2722 tam
952 2665 1049 2722 multis

288 2748 536 2813 vicissitudinibus
550 2756 689 2833 subjecta.
707 2754 786 2813 Stob.
802 2758 861 2820 CV,
873 2762 930 2819 ta:

287 2882 371 2963 [²⁴⁰]
386 2884 442 2960 Τίς
459 2873 500 2955 δη
512 2887 583 2949 ποτ’
597 2878 688 2948 iiior
704 2880 723 2954 ῆ
739 2884 833 2973 μέγαν
850 2877 910 2949 θείη
931 2884 1048 2970 βροτῶν

388 2997 557 3089 ῆσμικρὸν,
574 2996 592 3070 ἢ
611 2996 664 3063 τόν
681 2987 827 3088 μηδαμοῦ
842 2995 1008 3083 τιμώμενον
1022 3024 1030 3079 ;

388 3115 423 3179 οὗ
432 3110 492 3204 γιίρ
503 3112 575 3178 ποτ’
586 3115 684 3177 αὐτῶν
698 3102 783 3177 οὐδὲν
797 3112 826 3175 ε’ν
839 3116 945 3192 ταυτῷ
958 3114 1046 3199 μένει.

287 3239 385 3311 Neque
398 3235 475 3290 enirn
491 3233 615 3290 alienum
630 3245 682 3298 est,
698 3232 776 3310 qnod
796 3244 890 3290 exstat
908 3232 963 3290 sub
976 3239 1049 3307 Tyn-

286 3323 367 3380 darei
380 3323 497 3379 nomine
510 3319 588 3399 apud
599 3320 745 3378 Stobaenm
760 3321 819 3392 CV,
835 3329 869 3382 5:
938 3389 942 3396 Ι

287 3446 371 3530 [tlt]
380 3449 494 3536 Οὖχρτῖ
504 3447 575 3512 ποτ’
587 3443 812 3536 εὖπροίσσοντυς
825 3441 943 3512 ὀλθίσαι
954 3450 1047 3535 τύχας

383 3554 506 3652 ἀνδρὸς,
522 3563 589 3648 πρὶν
606 3564 689 3646 αὐτῷ
705 3567 862 3635 παντελῶς
879 3551 939 3631 ’ἤδη
958 3561 1022 3642 βίος

384 3667 581 3767 διεκτερανθῇ
597 3675 648 3740 καὶ
665 3677 831 3766 τελευτῆση
851 3673 927 3757 βίον.

381 3773 424 3854 Es
440 3787 498 3884 γὰρ
517 3793 627 3881 βραχεῖ
639 3788 758 3855 καθεῖλε
775 3793 895 3881 κῶλίγῳ
911 3791 1010 3880 χρόνῳ

383 3905 582 3994 πείμπλουτον
595 3897 684 3970 ὀλόον
694 3895 835 3993 δαίμονος
847 3913 941 3970 κακοῦ
954 3895 1048 3982 δόσις,

379 4020 455 4084 ὅταν
473 4027 612 4108 μεταστῇ
628 4017 681 4082 καῖ
693 4015 769 4095 θεοῖς
785 4009 863 4109 δοκῇ
880 4009 967 4083 τάδε.

285 4155 371 4231 Apud
385 4153 556 4232 Euripidem
568 4155 739 4229 Tyndareus
751 4166 795 4212 est
806 4154 835 4212 in
850 4167 931 4232 parte
946 4155 1049 4226 Aletis;

285 4261 379 4320 neque
393 4263 463 4301 vcro
477 4262 514 4299 ex
528 4262 563 4298 eo
576 4242 762 4319 consequitur
774 4242 849 4300 idem
863 4263 925 4299 esse
936 4243 1048 4319 Sopho-

285 4329 355 4388 clem
374 4343 512 4388 secrrtnm.
528 4330 650 4406 Reliqua
663 4331 753 4387 satius
766 4346 810 4388 est
823 4331 966 4408 ignorare.

286 4567 346 4621 b'on
369 4581 436 4621 sane
460 4563 604 4621 serendum
633 4501 764 4622 dddestos
787 4564 954 4636 anulisque
975 4567 1047 4638 geni·

767 4645 870 4700 toribus

285 4731 442 4794 prognatos,
457 4731 517 4780 turn
529 4723 580 4780 bos
594 4722 706 4794 quidem
720 4723 792 4779 bona
804 4724 844 4778 uti
858 4722 985 4790 senuna,

284 4801 387 4858 alteror
398 4819 463 4859 tero
474 4804 560 4860 bonor
572 4819 604 4858 er
620 4803 757 4874 bonisque

284 4886 362 4938 ortos
376 4891 469 4954 postea
481 4899 544 4938 cmn
557 4881 678 4938 adversis
691 4883 772 4938 rebus
782 4881 940 4938 conflictari.

286 4963 347 5014 Non
359 4960 496 5016 debebant
504 4960 541 5017 dii
555 4961 615 5017 hac
627 4959 662 5016 de
676 4961 835 5017 mortalibus

284 5042 462 5097 consumere.
474 5042 603 5112 oportuit
615 5043 689 5096 enim
704 5041 761 5111 pios
776 5042 899 5096 honines

284 5122 417 5190 consequi
425 5120 641 5176 emolumentum
652 5120 760 5191 aliquod
771 5120 948 5192 conspicuum
958 5136 974 5174 a
984 5119 1046 5186 diis,

285 5199 415 5256 scelestos
426 5207 518 5255 autem
530 5199 573 5256 bia
586 5200 749 5256 contrariam

285 5291 395 5347 poeaam
409 5277 543 5334 maiorum
555 5278 730 5351 conspicuam
742 5276 890 5334 vindictam
907 5279 991 5334 luere.

284 5359 381 5430 Neque
393 5359 537 5432 quisquam
551 5359 639 5417 malus
658 5360 709 5416 hac
729 5360 833 5415 ratione
846 5359 916 5416 bona
937 5359 1046 5415 fortuna

738 5447 868 5495 uteretur.

1802 656 1856 711 aet

1370 770 1583 833 uenatione

1141 905 1221 958 inter
1249 899 1401 977 tragoedias
1430 900 1580 977 Sophoclis
1611 914 1654 959 ter
1686 912 1860 964 memoratur

1102 988 1269 1058 Hermione,
1285 987 1342 1045 lilia
1355 989 1475 1045 Menelai
1489 1001 1518 1045 et
1535 990 1663 1056 Helene,
1684 1012 1747 1069 qure
1766 995 1860 1053 Oresti

1103 1073 1130 1131 in
1147 1078 1359 1135 matrimonium
1373 1076 1463 1133 lor-ata
1478 1088 1528 1134 est.
1544 1078 1627 1134 ilom.
1640 1078 1694 1135 Od.
1708 1082 1740 1150 Δ,
1756 1082 1792 1137 5:

1161 1204 1218 1277 Τὴν
1234 1206 1282 1283 μὲν
1300 1206 1435 1286 Ἀχιλλῆος
1448 1207 1584 1289 ῥηξήνορος
1596 1209 1647 1269 υῖέῖ
1661 1208 1773 1287 πέμπεν.

1163 1294 1210 1353 Ἐν
1224 1294 1307 1375 Τροίη
1319 1295 1369 1375 γὰρ
1379 1298 1481 1373 πρῶτον
1495 1295 1623 1374 ὑπίσχετο
1635 1298 1680 1355 καὶ
1691 1298 1842 1359 κατένευσεν

1162 1382 1316 1461 δοισέμιναι·
1332 1392 1413 1442 τοῖσιν
1430 1384 1457 1442 δὲ
1469 1384 1521 1443 θεοῖ
1535 1385 1618 1463 γόμον
1635 1385 1781 1454 ἐξετέλειον.

1102 1516 1193 1569 Nemo
1224 1516 1282 1571 inec
1312 1516 1485 1593 tragicorum
1509 1516 1626 1575 videtur
1652 1532 1766 1579 secutus
1790 1544 1860 1583 esse.

1101 1600 1268 1658 Eustatlrins
1296 1623 1324 1680 p.
1351 1614 1425 1679 ¹479
1444 1622 1451 1663 :
1472 1604 1555 1682 [242]
1578 1606 1713 1685 Σοφοκλῆς
1737 1607 1783 1682 δὲ,
1807 1632 1861 1689 ραι·

1102 1688 1160 1758 εῖν,
1184 1691 1211 1747 ἐν
1227 1688 1354 1769 Ἱίρμιόνη
1369 1694 1466 1771 ἱστορεῖ
1487 1692 1513 1748 όν
1526 1692 1609 1774 Τροίορ
1623 1692 1694 1760 όντος
1716 1694 1755 1754 ἔτι
1779 1700 1861 1757 Μενε-

1101 1774 1167 1835 λόου
1192 1776 1330 1847 ἐκδοθῆναι
1355 1777 1402 1848 τῆν
1428 1778 1572 1860 Ἑρμιόνην
1597 1781 1647 1840 ὑπὸ
1662 1789 1707 1841 τοῦ
1721 1783 1862 1867 Ἰύνδόρεω

1101 1867 1138 1942 τῷ
1153 1862 1283 1943 Ὀρέστῃ·
1296 1856 1352 1924 εἶτα
1371 1864 1477 1947 ὕστερον
1490 1870 1673 1949 ἀφαιρεθεῖσαν
1694 1874 1772 1930 αὐτοῦ
1789 1874 1862 1931 ἐκδο-

1102 1956 1178 2021 θῆναι
1189 1955 1226 2032 τῷ
1240 1952 1415 2034 Νεοπτολέμῳ
1427 1954 1495 2013 κατὰ
1508 1954 1557 2026 τῆν
1571 1958 1598 2014 ἐν
1612 1956 1698 2039 Τροίρ
1710 1958 1861 2039 ὑπόσχεσιν·

1102 2040 1180 2097 αὐτοῦ
1196 2040 1223 2097 il
1236 2042 1317 2101 Πυθοῖ
1329 2040 1504 2121 ἀναιρεθέντος
1516 2041 1567 2101 ὑπό
1582 2045 1751 2123 Μαχαιρέοις,
1765 2046 1807 2105 ὅτε
1818 2048 1862 2107 τὸν

1102 2128 1220 2186 Ἀπόλλω
1242 2128 1375 2207 τινύμενος
1395 2130 1438 2188 τόν
1466 2132 1630 2209 τοῦπατρὸς
1652 2132 1758 2200 ἐξεδῖκει
1776 2136 1861 2207 οόνον,

1102 2217 1318 2287 ἀποκαταστῆναι
1337 2208 1409 2283 αὖθις
1422 2218 1503 2289 αὐτὴν
1517 2222 1556 2299 τῷ
1571 2216 1694 2300 Ὀρέστῃ.
1709 2220 1756 2289 Ἐξ
1769 2198 1805 2280 div
1819 2246 1863 2299 γε·

1101 2304 1191 2360 νέσθαι
1213 2302 1257 2362 τὸν
1285 2306 1310 2363 Τ
1312 2304 1434 2381 ιοαμενὸν
1456 2305 1613 2387 φεροινιῖμιυς
1639 2306 1708 2366 οὖτοι
1734 2308 1862 2381 κληθέντα

1101 2388 1174 2471 παρὰ
1191 2388 1239 2462 τὴν
1253 2391 1320 2469 μετὰ
1336 2392 1429 2469 μένους
1440 2394 1517 2467 τίσιν,
1532 2395 1589 2454 ἐπεὶ
1600 2398 1614 2454 ό
1626 2394 1716 2476 πατὴρ
1737 2396 1863 2477 Ὀρέστης

1101 2480 1208 2536 ἐτίσατο
1229 2476 1289 2544 τοῖς
1324 2490 1408 2561 φονεῖς
1439 2486 1485 2539 τοῦ
1521 2482 1721 2561 Ἀγαμέμνονος.
1756 2488 1861 2547 Eadem

1102 2566 1254 2623 scholiasta
1286 2570 1405 2626 Homeri
1437 2570 1536 2647 paucis
1575 2572 1690 2629 mutatis
1717 2574 1862 2635 memoria

1102 2654 1242 2733 prodidit.
1265 2658 1336 2713 Sunt
1359 2668 1454 2714 tamen
1471 2657 1600 2735 quaedam
1619 2660 1696 2716 inter·
1714 2660 1777 2731 illa,
1800 2681 1864 2737 qna·

1101 2744 1259 2819 Sophocles
1273 2762 1330 2799 non
1344 2756 1386 2799 est
1409 2756 1532 2815 secutus,
1548 2757 1579 2801 nt
1593 2758 1712 2823 apparet
1723 2766 1759 2805 ex
1775 2748 1864 2805 sclml.

1102 2832 1232 2909 Euripid.
1253 2836 1304 2889 Or.
1330 2832 1404 2905 1649
1417 2852 1424 2888 ι
1438 2832 1589 2911 Φερεκύδης
1603 2832 1630 2890 δέ
1646 2856 1709 2912 φησι
1727 2834 1786 2914 περλ
1802 2835 1865 2893 παῖ-

1102 2919 1153 2975 δυιν
1165 2918 1284 2999 χρησμὸν
1298 2920 1418 2976 αἰτοῦντα
1431 2918 1474 2977 τὸν
1490 2920 1673 2995 Νεοπτόλεμον
1687 2925 1864 3001 ἀναιρεθῆναι.

1101 3006 1178 3065 ’linei
1199 3006 1383 3083 Νεοπτόλεμος
1403 3005 1545 3085 Ἑρμιόνην
1562 3014 1642 3083 γαμεῖ
1655 3008 1703 3078 τὴν
1726 3010 1863 3069 Μενελάου

1101 3094 1146 3149 καὶ
1163 3091 1316 3172 όρχεταιεῖς
1329 3092 1444 3173 Δελφοὺς
1461 3094 1520 3173 περὶ
1534 3094 1636 3151 παίδοιν
1650 3096 1812 3175 χρησόμενος
1827 3098 1863 3177 (οὗ

1101 3178 1152 3261 γὰρ
1174 3184 1245 3262 αὐτῷ
1267 3180 1385 3259 ἐγένοντο
1399 3183 1425 3250 ἐξ
1445 3181 1616 3263 Ἑρμιόνης),
1634 3182 1678 3241 καῖ
1692 3188 1739 3266 ὁρᾷ
1754 3185 1822 3244 κατὰ
1833 3185 1863 3244 τὸ

1101 3269 1260 3348 χρηστήριον
1278 3268 1342 3348 κρέα
1356 3271 1544 3351 διαρπάζοντας
1562 3270 1621 3336 τοῖς
1644 3271 1768 3352 Δελφοὺς,
1781 3276 1862 3352 ἆραι·

1103 3366 1186 3436 ρεῖται
1199 3357 1233 3415 τὰ
1246 3361 1309 3439 κρέα
1322 3357 1421 3430 αὐτοὺς,
1435 3360 1527 3418 ἑαυτὸν
1542 3359 1569 3418 δὲ
1589 3361 1682 3420 κτείνει
1697 3361 1828 3445 μαχαίρφ·
1850 3367 1864 3422 ό

1102 3446 1129 3504 δὲ
1139 3445 1238 3504 τούτων
1254 3445 1337 3526 lepris<
1350 3446 1505 3527 κατορόσσει
1522 3447 1599 3506 αὐτὸν
1611 3447 1662 3506 ὑπὸ
1674 3450 1718 3507 τὀν
1731 3451 1804 3508 οὐδὸν
1819 3455 1864 3508 τοῦ

1101 3529 1162 3590 νεώ.
1174 3537 1267 3592 'laica
1281 3535 1429 3612 γενεαλογεῖ
1441 3537 1485 3592 καῖ
1499 3537 1644 3616 Σοφοκλῆς.
1656 3538 1863 3614 Corrigendmu

1103 3621 1180 3679 αὐτὸν
1210 3619 1237 3679 θλ
1265 3622 1359 3680 κτείνει
1391 3623 1552 3704 Μαχαιρεός.
1583 3625 1742 3702 Sophocles
1775 3628 1864 3704 igitur

1103 3711 1324 3788 Neoptolemum
1338 3731 1394 3768 non
1410 3711 1475 3768 lecit
1488 3713 1618 3770 eumden
1631 3715 1667 3769 de
1681 3715 1759 3772 crede
1774 3717 1864 3792 patrie

1102 3801 1341 3875 expostulantem,
1354 3819 1442 3877 (ptum
1454 3801 1581 3878 Delphos
1590 3802 1735 3878 proiectus
1744 3815 1827 3874 esset,
1836 3801 1863 3859 id

1102 3887 1861 3966 qnodEnripidesrrarravit.lilinumdeindeest,qnod

1103 3979 1268 4036 Eustntliins
1289 3999 1303 4034 a
1323 3977 1482 4036 biaelraereo
1498 3979 1718 4056 Neoptolemum
1742 3979 1860 4037 interle-

1102 4080 1179 4124 ctmn
1195 4085 1256 4124 esse
1269 4077 1376 4135 narrat,
1390 4085 1474 4142 quem
1491 4067 1621 4142 plerique
1633 4065 1669 4122 ab
1686 4069 1785 4126 Oreste
1800 4067 1862 4144 ipso

1102 4155 1228 4212 occisum
1250 4174 1313 4212 esse
1342 4153 1481 4211 referunt.
1510 4155 1553 4211 Cl.
1586 4159 1659 4230 Hyg.
1695 4155 1762 4213 Fab.
1798 4157 1861 4220 tal,

1101 4248 1196 4301 Tzetz.
1212 4243 1247 4300 ad
1259 4242 1402 4320 Lycopbr.
1417 4245 1491 4314 ¹374
1502 4254 1530 4300 et
1548 4245 1632 4316 tola,
1644 4243 1722 4320 Virg.
1732 4249 1795 4302 AEn.
1810 4249 1861 4314 lil,

1103 4335 1171 4401 330,
1185 4331 1257 4388 vett.
1270 4335 1292 4396 l,
1313 4351 1336 4400 t,
1359 4329 1473 4386 lieiiod.
1490 4335 1527 4396 ll,
1541 4331 1597 4398 ll,
1620 4333 1693 4388 Just.
1717 4333 1810 4401 XVII,
1834 4335 1861 4400 3,

1450 4501 1512 4550 240.

1098 4595 1168 4664 Quis
1186 4609 1306 4664 unquam
1328 4591 1485 4648 felicitatem
1509 4591 1665 4648 mortalium
1684 4599 1732 4647 aut
1752 4609 1861 4650 stimmo

1099 4681 1148 4728 aut
1161 4671 1256 4726 intimo
1268 4681 1316 4726 ant
1326 4671 1403 4726 nulio
1418 4671 1498 4743 piane
1510 4670 1590 4728 loco?
1689 4669 1763 4738 [inco
1778 4680 1862 4743 ponat

1100 4767 1187 4822 neque
1199 4751 1273 4804 enim
1286 4749 1435 4822 quidquam
1449 4749 1498 4806 diu
1509 4751 1538 4806 ia
1552 4765 1602 4806 sua
1615 4747 1679 4805 sede
1694 4759 1792 4806 nnmt.

1448 4868 1510 4920 241.

1170 4961 1335 5020 Celebranda
1355 4959 1433 5017 laude
1449 4959 1552 5017 nullius
1569 4957 1683 5016 felicitas

1170 5041 1307 5108 immicus,
1323 5039 1476 5112 priusquam
1492 5047 1564 5096 rorte
1577 5037 1725 5094 defunctus
1737 5051 1785 5092 rua

1170 5121 1293 5177 mortalis
1306 5120 1356 5175 aeri
1369 5119 1499 5174 terminos
1513 5117 1675 5190 impleverit.

1171 5205 1294 5271 Namque
1306 5215 1360 5256 una
1374 5215 1445 5270 saepe
1458 5197 1608 5272 quamlibet
1620 5195 1707 5252 celsas
1722 5209 1789 5268 opor

1168 5280 1196 5334 in
1210 5279 1287 5351 uana
1304 5279 1383 5334 traxit
1397 5279 1480 5346 bora,
1495 5292 1582 5350 quum
1596 5291 1626 5331 se
1642 5273 1744 5330 lubrica

1168 5357 1276 5414 fortuna
1289 5357 1368 5413 vertit
1380 5366 1461 5428 atque
1477 5358 1517 5414 sic
1530 5357 1617 5412 visum
1632 5351 1699 5410 deis.

1720 5431 1803 5488 uun.

1716 5519 1751 5562 ιν.
