4567 6425
458 748 514 798 181
1011 725 1185 789 AESCHYLl
1201 723 1450 787 FRAGMENTA.

459 888 504 925 eas
517 869 634 925 luissea
654 864 785 933 Bacchis,
807 881 870 939 quas
893 862 922 919 iu
941 859 1100 920 Cithaerone
1116 868 1213 915 monte
1295 856 1434 915 Νεανίσκοι
1447 859 1497 935 qui
1510 859 1625 931 luerint,
1639 878 1739 935 magna
1748 870 1792 916 est
1806 870 1995 919 conuorerna.

458 954 536 1031 orgia
545 952 732 1011 celebrarunt.
748 956 788 1009 Ut
803 950 880 1009 enim
894 949 1034 1005 Pentheus
1050 946 1080 1003 in
1093 946 1140 1003 illa
1151 958 1212 1003 tra·
1256 941 1421 1003 Welclerus
1434 950 1567 1021 Satyros,
1581 965 1654 1023 quos
1666 946 1702 1004 ad
1715 946 1841 1004 fabulam
1852 950 1994 1024 satyricam

458 1040 559 1118 gordia,
570 1040 609 1097 ita
620 1044 766 1115 Lycurgus
780 1038 810 1095 in
824 1035 1017 1096 Bassaridibus
1036 1039 1146 1111 poeuom
1157 1031 1212 1089 sibi
1256 1033 1426 1109 relegamus,
1437 1039 1617 1093 Hermannus
1630 1034 1796 1093 Edonorum
1807 1036 1997 1107 adolescentes,
2076 1063 2077 1074 ι

459 1127 583 1185 debitam
595 1139 763 1184 consecutus
773 1137 822 1183 est.
839 1130 882 1183 De
892 1123 1096 1200 compositione
1110 1133 1212 1196 trngoe-
1256 1143 1329 1199 quos
1341 1124 1441 1201 primae
1454 1124 1597 1201 tragoediae
1609 1144 1794 1195 reservamus,
1809 1126 1997 1204 intelligendos

459 1216 513 1272 ‹liae
524 1214 609 1285 nihil,
623 1214 692 1271 nihil
704 1212 740 1269 de
755 1212 885 1289 personis
900 1221 1017 1267 constat.
1034 1213 1133 1285 Neque
1143 1228 1212 1264 vero
1256 1212 1437 1269 existimavit.
1462 1212 1561 1284 Quid?
1582 1224 1649 1270 sunt
1666 1212 1722 1285 illi,
1742 1214 1793 1290 qui
1811 1215 1913 1272 Bacchi
1938 1214 1998 1270 festa

460 1302 539 1360 facile
551 1314 593 1359 est
608 1300 770 1371 intellectu,
784 1318 848 1375 quae
861 1317 944 1355 causa
962 1296 1066 1367 luerit,
1087 1314 1213 1351 curcum
1256 1299 1453 1370 celebrarunt,
1468 1299 1548 1356 chori
1560 1319 1597 1357 cx
1607 1301 1706 1377 mystis
1721 1301 1874 1378 compositi
1887 1320 1940 1358 nec
1949 1301 1998 1371 alii,

462 1390 579 1467 Lycurgi
597 1408 676 1465 poena
700 1386 809 1463 Orphei
831 1404 925 1457 mors,
948 1402 1012 1460 quse
1031 1383 1061 1439 in
1080 1381 1213 1458 tragoedia
1256 1409 1341 1467 quam
1353 1388 1403 1464 qni
1414 1387 1533 1445 Athenis
1546 1388 1660 1446 suerunt
1673 1388 1754 1447 chori
1773 1388 1881 1464 cyclici.

460 1488 678 1533 commemorata
702 1486 761 1541 est,
784 1470 935 1548 conjunctu
956 1470 1050 1528 luerit.
1079 1468 1123 1527 Ad
1139 1469 1214 1527 hunc
1295 1481 1440 1553 perpauca
1458 1475 1724 1551 trngoediaeservara
1741 1474 1999 1554 sunt,[19].’,tf,21.

458 1565 533 1621 enim
548 1560 694 1620 reserenda
708 1573 791 1631 sunt,
811 1579 874 1635 quae
888 1556 1084 1615 Eratosthenis
1098 1576 1159 1613 esse
1169 1555 1214 1612 di·
1258 1584 1337 1641 ρατον
1353 1564 1466 1639 λῆμσ,ο
1486 1564 1639 1620 Mavortius
1659 1571 1788 1639 animus,
1817 1564 1895 1640 apud
1920 1565 1997 1639 llesy-
2076 1580 2077 1592 ¹

460 1664 563 1707 cuntur
575 1670 636 1727 cap.
649 1656 683 1716 al
698 1671 703 1704 :
716 1647 777 1725 [16]
787 1642 975 1726 “ος(’ορφεὺι)
984 1640 1027 1701 τὸν
1038 1640 1213 1719 μὲνΔιόνυσον
1256 1650 1361 1717 chium,
1375 1651 1495 1709 fortasse
1506 1652 1629 1729 Lycurgi
1641 1663 1695 1725 est,
1709 1670 1768 1727 quo
1779 1652 1881 1709 Bacchi
1893 1651 1999 1709 victorio

459 1740 505 1796 οὐκ
518 1737 668 1815 imponite
684 1733 712 1793 dl
723 1731 816 1794 Ἥλιον
829 1732 950 1812 μέγιστον
961 1736 1013 1791 τῶν
1025 1735 1088 1789 θεῶν
1100 1730 1213 1808 ἐνόμιζεν
1256 1750 1402 1813 erigentur.
1420 1740 1531 1798 Deinde
1543 1737 1821 1819 [20]αᾶφοῖὅαντονν
1843 1739 1921 1816 apud
1937 1759 1999 1796 euu-
2075 1728 2077 1747 Ι

461 1820 535 1897 εἶναι,
545 1826 571 1885 δν
583 1825 627 1885 καλ
635 1823 787 1885 Ἀπολλωνα
797 1820 1013 1903 προσηγόρευσεν,
1022 1818 1214 1899 ἔπεγειρόμενός
1257 1825 1336 1897 dem,
1347 1830 1527 1901 inceptorem,
1535 1833 1696 1903 Lycurgum
1709 1826 1767 1885 dici
1779 1828 1894 1905 piaculo
1905 1830 1933 1887 ὶῃ
1942 1832 2000 1888 1320.

460 1936 488 1971 τε
501 1918 547 1983 τῆς
559 1910 647 1977 νυκτὸς
659 1908 726 1971 κατὰ
738 1909 786 1983 τὴν
800 1908 906 1979 ἑωθινὴν
919 1908 961 1967 ἐπὶ
971 1908 1001 1967 τὸ
1013 1906 1067 1990 ὄρος
1078 1907 1108 1965 τὸ
1119 1906 1215 1965 καλού-
1257 1913 1342 1970 chum
1356 1916 1506 1973 commisso
1520 1914 1656 1973 credibile
1664 1928 1717 1973 est,

461 2002 684 2075 percellerentur
698 1996 842 2078 προσέμενε
855 1992 900 2060 sla<
913 1994 1048 2067 ἀνατολὰς,
1060 1992 1102 2051 ἵνα
1115 1992 1160 2072 ἴδῃ
1170 1991 1213 2050 τδν
1296 2001 1789 2080 Aliusvergusestapudpyhenaeum
1796 2008 1852 2079 11,
1860 2025 1889 2083 p·
1900 2005 2001 2077 503‚C:

460 2079 1214 2167 Ἠλιονπρῶτον.ὍθενδΔιόνυσοςόργισθελςαὖτῷέπεμψε
1305 2126 1309 2135 .
1384 2089 1390 2101 “

460 2172 506 2241 πλς
518 2172 695 2253 Βασσαρῖδας,
707 2168 831 2251 depuerit
845 2168 973 2249 Αἰσχύλος
985 2173 999 2227 δ
1012 2167 1130 2241 ποιηπλς,
1147 2167 1214 2225 ctri—
1309 2140 1373 2215 [21]
1389 2136 1506 2226 Mla<
1519 2136 1700 2202 ὑποσκίοισιν
1715 2137 1746 2201 ἐν
1765 2132 1958 2229 demphe,

460 2280 501 2323 νις
510 2256 586 2317 αὐτὸν
596 2256 739 2316 διέσπασαν
749 2254 793 2314 καλ
804 2252 837 2313 rit
848 2253 915 2333 μέλη
925 2253 1057 2337 διέρριψαν
1067 2252 1147 2334 χυιρλς
1156 2253 1215 2313 ἔνια·
1257 2259 1338 2336 cujus
1346 2260 1396 2317 rix
1408 2259 1492 2317 ullam
1503 2259 1766 2336 interpretationem
1776 2259 1913 2336 reperias,
1921 2276 2005 2333 neque

461 2367 529 2404 στον·
543 2348 570 2403 αἱ
582 2342 611 2403 δὲ
625 2347 729 2403 Μοῦσαι
741 2347 932 2420 συναγαγοῦσαι
946 2340 1042 2422 ἔθαψαν
1054 2342 1098 2401 ἐπὶ
1108 2350 1161 2408 τοῖς
1172 2343 1214 2399 λε-
1258 2348 1344 2424 magis
1363 2348 1531 2405 sententiam
1551 2347 1652 2427 glossae
1674 2346 1750 2424 apud
1764 2346 1897 2404 Photium
1917 2364 2005 2409 eruas,

461 2430 744 2511 γομένοιςΑειΕήθροις.
762 2434 861 2507 Neque
868 2431 950 2489 aliter
961 2431 1089 2507 llyginus
1096 2431 1126 2488 iu
1136 2435 1214 2489 Poct.
1257 2460 1343 2517 quam
1355 2439 1395 2497 sic
1405 2439 1528 2497 correxit
1538 2442 1717 2496 Hermannus
1734 2460 1741 2496 ε
1756 2432 1820 2520 [22]
1834 2465 1847 2491 ι
1858 2437 2006 2513 detulit-w<

461 2528 576 2579 Astron.
587 2524 625 2594 11,
641 2540 674 2591 7:
688 2518 764 2577 «Sed
776 2531 807 2575 ut
817 2518 1017 2576 Eratosthenes
1031 2520 1084 2589 ait,
1096 2519 1125 2575 in
1138 2523 1214 2575 Pan·
1257 2523 1468 2599 mltum„
1482 2524 1609 2605 Αῑσχύλος
1618 2524 1777 2594 Νεανίσκοις,
1790 2524 1922 2604 mm„
1935 2524 2007 2583 [καί.

462 2628 522 2684 gaeo
537 2607 636 2666 sedens
648 2626 736 2683 quum
746 2618 830 2663 cantu
841 2605 1038 2679 delectaretur,
1051 2606 1155 2664 dicitur
1166 2605 1215 2663 Li·
1258 2633 1339 2672 πων·

462 2693 514 2753 ber
523 2696 548 2752 ei
556 2693 694 2771 objecisse
702 2693 834 2765 Bacchas,
846 2712 910 2771 quae
921 2713 1024 2770 eorpus
1036 2691 1097 2769 ejus
1109 2692 1215 2751 discer-

462 2795 564 2860 perent
576 2781 727 2840 interlecti.
743 2786 839 2839 Musas
850 2794 946 2839 nutem
959 2782 1076 2839 collecta
1089 2778 1216 2839 membra
1970 2855 1986 2870 -

462 2872 615 2947 sepulturae
629 2868 806 2927 mandasse.»
1258 2853 1317 2926 ἤτθῑ
1329 2857 1343 2912 ὅ
1355 2854 1476 2934 “tortior
1489 2860 1503 2913 δ
1516 2853 1701 2927 luitperth&
1715 2854 1814 2934 μακρὸς
1827 2851 1899 2914 ὀκτὼ
1917 2854 2001 2913 notos

501 2960 564 3014 Non
576 2968 663 3033 patet,
677 2955 771 3033 inquit
785 2960 972 3024 Hermaeum,
988 2973 1045 3030 qua
1058 2954 1094 3011 de
1108 2973 1139 3011 re
1149 2954 1216 3011 scri.
1297 2947 1331 3000 ln
1342 2944 1422 2999 exitu
1433 2941 1535 3001 labulae
1544 2962 1586 3013 ea,
1597 2962 1661 3021 quae
1672 2942 1839 3028 Plutarchos
1850 2943 1973 3001 serravit
1983 2942 2010 2996 in

462 3055 542 3120 ptum
555 3044 649 3115 luerit,
662 3043 739 3119 quod
753 3042 922 3100 scholiastes
933 3040 1068 3098 Nicandri
1080 3039 1116 3097 ad
1128 3040 1215 3098 Ther.
1259 3029 1334 3090 libro
1345 3036 1389 3091 De
1401 3033 1423 3089 εἰ
1437 3031 1579 3111 Delphico
1590 3052 1620 3109 p.
1633 3033 1700 3107 389,
1715 3035 1749 3104 ll,
1762 3036 1793 3103 B,
1806 3050 1825 3089 n
1837 3032 1930 3089 choro
1948 3050 2011 3087 can·

464 3130 519 3186 288
538 3132 622 3187 affert
635 3152 642 3187 ς
656 3126 785 3205 Σημαίνει
799 3128 826 3185 δὲ
839 3134 855 3199 ἡ
867 3127 933 3195 λέξις
946 3126 1020 3208 τρία·
1036 3124 1216 3209 ἔστιγᾶρψο-
1261 3130 1318 3175 tata
1331 3118 1508 3177 crediderim.
1530 3122 1603 3178 sunl
1620 3132 1714 3177 aulem
1734 3120 1811 3193 llaec,
1827 3117 2012 3197 quemadmo-

461 3215 519 3275 λόεν
530 3214 560 3275 τδ
573 3216 664 3294 μέλαν,
676 3215 705 3275 τδ
717 3213 874 3290 σποδοειδές,
885 3215 914 3274 τὸ
923 3213 1053 3295 λαμπρόν.
1069 3214 1216 3295 Εὐφορίων,
1259 3204 1326 3264 ‘lum
1340 3207 1393 3265 Vlrl
1404 3206 1483 3266 docti
1494 3207 1711 3286 disposuerunt:

462 3303 499 3366 Ἣ
511 3305 607 3376 Αἴτνην
616 3304 770 3386 politores,
781 3302 896 3363 διαύλιον
907 3302 1098 3384 Ἀστεροπαίου·
1107 3301 1152 3360 καλ
1163 3301 1215 3360 ἔτι·

462 3391 557 3470 Αιγνδν
569 3391 597 3452 δὲ
606 3391 749 3470 polticeor
760 3391 897 3464 didraierrri
905 3415 933 3450 τε
942 3391 1047 3450 καπνόν.
1059 3389 1113 3450 Καὶ
1122 3389 1218 3471 Αἰσχύ-

1336 2727 1460 2807 Ποταμδν
1473 2726 1660 2787 διαπέπλευκεν
1669 2727 1798 2793 tretecus
1811 2745 1818 2760 '

1391 3360 1455 3434 [23]
1469 3341 1625 3424 Μιξοόόαν
1639 3348 1747 3440 πρέπει

461 3483 505 3547 λος
518 3483 545 3540 ἰν
560 3477 725 3558 Βασσαρλσι·
1390 3442 1574 3543 διθύρομὸον
1588 3458 1733 3543 δμαρτεῒν

540 3613 604 3702 [17]
620 3619 720 3700 Κάρρει
728 3617 834 3698 παλαιῷ
845 3615 1002 3699 κιλπιὸυνμίῳ
1015 3615 1099 3699 [ὅλῳ.
1389 3557 1543 3650 mmm
1561 3559 1706 3641 mmm

501 3740 658 3816 Hesychius
670 3739 878 3800 etFarorinus:
889 3739 915 3818 [1
921 3739 950 3818 8]
961 3765 973 3790 ι
986 3737 1154 3817 Ελλλόμενον,
1164 3738 1217 3820 εἰρ-

461 3825 578 3904 γόμενον.
604 3827 734 3909 Αἰσχύλος
758 3828 913 3910 Βασσαρίσι.
949 3828 1047 3890 Codex
1081 3827 1216 3906 Hesychii

454 3913 605 3994 «λλᾶσσαρις.

1260 3691 1416 3771 (Porsonus
1435 3691 1557 3768 conjecit
1567 3689 1706 3770 σύγκωμον
1722 3691 1765 3768 Δ.)
1776 3691 1903 3750 Videtur
1914 3691 2016 3750 chorus

1260 3779 1488 3838 conciliationem
1503 3779 1607 3840 Bacchi
1620 3793 1650 3838 et
1657 3781 1780 3857 Lycurgi
1790 3780 1921 3840 indicare
1932 3795 1962 3838 et
1972 3799 2019 3838 ce·

1259 3868 1370 3928 lebrare
1383 3869 1516 3928 voluisse.

1557 4009 1715 4034 unm·—

779 4047 908 4068 -οοῡ-

741 4143 938 4209 uuuuser.
1272 4184 1284 4210 .
1528 4113 1751 4178 srcunous.

501 4267 635 4343 Sequitur
647 4267 732 4325 tertie
748 4267 899 4344 tragoedia,
916 4289 981 4346 quae
996 4269 1126 4328 Neanisci
1140 4269 1216 4329 dicta
1299 4266 1423 4346 Lycurgi
1434 4263 1722 4344 argumentumquale
1733 4263 1819 4322 fuerit
1830 4276 1860 4321 et
1869 4262 2024 4342 quomodo

462 4365 513 4412 est.
528 4351 729 4427 Quredubitnri
742 4375 799 4412 non
812 4369 916 4433 potest,
929 4358 998 4435 quin
1008 4357 1111 4416 Bacchi
1121 4369 1151 4416 et
1160 4359 1218 4416 lor-
1260 4356 1411 4433 AEschylus
1425 4354 1455 4412 id
1473 4353 1654 4431 exposuerit,
1666 4371 1704 4409 cx
1715 4352 1882 4429 fragmentis
1895 4351 2024 4430 quodam

463 4452 535 4498 tasse
549 4442 672 4518 Lycurgi
684 4461 750 4499 curo
764 4443 829 4512 illo,
852 4456 883 4501 ut
899 4443 1002 4504 Strabo
1020 4445 1078 4524 ait,
1094 4445 1217 4522 conjun·
1260 4456 1345 4522 pacto
1359 4443 1420 4502 erui
1434 4453 1538 4520 potest.
1554 4444 1604 4498 Est
1615 4440 1691 4498 enim
1701 4439 1761 4496 vini
1776 4458 1855 4511 usus,
1870 4460 1935 4498 non
1951 4440 2027 4497 illius

457 4531 497 4589 cti
515 4527 622 4585 cultum
637 4530 817 4587 continuerit.
838 4531 936 4608 ltaque
950 4533 1073 4592 initiatio
1091 4548 1119 4592 et
1133 4532 1217 4592 dedi·
1260 4531 1387 4610 quidem,
1403 4529 1481 4609 quod
1491 4529 1595 4586 Bacchi
1603 4526 1742 4586 beneficio
1753 4524 1889 4596 debetur,
1904 4527 1959 4584 sed
1976 4528 2027 4585 lut·

466 4617 537 4674 catio
558 4615 663 4674 Bacchi
687 4629 883 4692 argumentum
898 4621 1042 4696 trngoediae
1066 4622 1152 4679 luisse
1170 4621 1217 4678 νί-
1257 4621 1323 4698 jus,
1346 4619 1423 4697 quod
1442 4616 1577 4676 frumenti
1598 4617 1728 4675 coctione
1748 4615 1777 4673 in
1798 4615 2026 4675 similitudinem

466 4702 570 4758 dentur.
582 4707 698 4760 Graecus
712 4723 779 4761 vero
790 4704 886 4762 deuse
903 4708 1012 4764 colonis
1026 4729 1042 4766 e
1056 4711 1166 4769 Graecin
1183 4712 1217 4782 in
1261 4711 1320 4768 vini
1333 4704 1700 4785 corruptuma'lhracibus
1714 4705 1863 4763 inventum
1880 4719 1939 4764 est
1964 4710 2028 4764 llu—

462 4787 611 4847 Thraciam
633 4789 763 4848 deductis
784 4791 885 4850 allatus
904 4793 1011 4871 majore
1034 4799 1218 4860 veneratione
1256 4798 1305 4876 jus
1318 4797 1378 4855 vini
1398 4816 1479 4854 usum
1491 4795 1721 4872 variumapoeta
1734 4793 1764 4850 in
1776 4812 1861 4850 scena
1873 4795 1971 4852 modo
1983 4815 2031 4851 sa·

464 4875 557 4934 cultus
570 4891 613 4936 est
626 4899 712 4956 quam
731 4880 801 4938 deus
819 4880 970 4960 indigena,
988 4903 1074 4960 quem
1091 4887 1217 4947 Thraces
1262 4887 1351 4964 tyrico
1367 4898 1511 4944 ostensum
1526 4904 1588 4942 esse
1606 4884 1761 4959 fragmenta
1785 4880 1897 4941 sabula
1911 4883 2029 4942 docent.

463 4962 618 5039 antiquitus
632 4966 791 5025 coluerunt.
814 4971 856 5026 Ita
872 4973 1018 5047 Lycurgus
1030 4973 1129 5030 Bacchi
1149 4994 1218 5052 pro-
1260 4979 1324 5034 an
1335 4974 1458 5051 pertinet
1468 4972 1593 5051 primum
1603 4971 1682 5043 illud,
1696 4969 1828 5048 quodest
1838 4971 1928 5050 apud
1941 4973 2033 5034 Scho-

463 5047 564 5124 pheta,
577 5063 608 5108 ut
621 5053 660 5110 ait
673 5053 758 5112 Rhesi
770 5055 903 5133 scriptor.
1260 5064 1369 5122 hastam
1383 5063 1533 5141 Sophoclis
1543 5059 1579 5118 ad
1594 5059 1667 5118 oud.
1681 5059 1742 5117 Col.
1756 5060 1814 5130 674
1828 5080 1836 5116 :

463 5161 2033 5193 -———-———-—-..--..----—..--

817 5229 861 5279 ll.
1596 5273 1600 5278 .
1654 5269 1662 5283 .

577 5303 639 5355 Arm
657 5299 746 5358 isvilla
761 5311 788 5359 et
800 5312 888 5362 vetere
901 5305 984 5376 palem
995 5307 1102 5382 lqmitc.
1431 5235 1703 5373 Mittimnumlllmt

814 5394 860 5445 21.
1432 5391 1751 5466 dithyramhumaditnro

584 5465 749 5522 Lemnosin
759 5467 895 5526 umbrosis
906 5468 1064 5542 frigidariis,
1431 5485 1606 5528 communem
1624 5471 1754 5540 uionrw·
