4567 6425
804 673 980 733 AEscttttt
997 670 1245 733 FRAGMENTA.

561 806 719 867 sPtttttx:

303 912 335 965 λι
356 922 427 985 puer
450 922 537 980 quem
559 915 656 979 pastor
674 900 879 979 exponendum
903 901 1011 978 accepit

273 1012 393 1069 quemque
414 1011 429 1046 a
454 1002 566 1047 tumore
581 989 701 1065 pedum,
716 1008 789 1064 quos
807 988 912 1046 aculeis
926 990 1009 1046 lairrs

273 1081 431 1157 perforarat,
449 1078 595 1155 OEdipum
615 1078 787 1154 appellavit,
810 1096 867 1133 non
888 1077 1010 1148 interiit,

273 1168 312 1223 sed
323 1168 364 1223 alii
373 1165 497 1243 pastori,
510 1165 559 1241 qui
570 1164 686 1240 Polybi,
698 1164 911 1223 Corinthiorum
923 1165 1008 1240 regis,

275 1274 344 1329 peon
356 1252 505 1330 pascebat,
516 1251 693 1309 edtreaodum
705 1251 792 1310 dedit.
808 1253 861 1310 hic
875 1272 940 1309 eum
953 1271 1010 1308 non

273 1346 346 1397 solum
365 1342 504 1410 servavit,
520 1340 568 1397 sed
591 1339 700 1415 Polybo
721 1340 782 1416 regi
804 1338 939 1411 tradidit,
960 1340 1010 1415 qui

274 1450 344 1506 quum
358 1430 415 1507 ipse
428 1430 516 1488 orbus
530 1442 617 1501 esset,
635 1430 781 1508 OEdipum
794 1430 924 1489 educavit
944 1430 1011 1487 lilii-

273 1536 318 1591 que
335 1518 391 1573 loeo
405 1516 514 1575 babuit
534 1522 571 1577 Et
584 1516 644 1593 jam
664 1518 831 1575 adoleverat
850 1538 937 1597 seque
950 1518 1012 1596 ipse

273 1606 342 1664 ttiun
368 1605 468 1683 Polybi
494 1626 555 1664 esse
581 1604 714 1685 putabat,
738 1626 826 1684 quum
850 1620 914 1665 orta
938 1607 1012 1664 iuter

272 1696 372 1771 aequales
383 1696 441 1751 rixa
453 1716 489 1751 ex
501 1714 547 1767 eo,
558 1694 636 1771 quod
647 1694 749 1771 aliquis
759 1694 901 1772 OEdipum
912 1693 1010 1770 Polybi

274 1782 344 1838 hlium
356 1802 412 1839 esse
425 1783 554 1859 negavit,
567 1782 604 1839 de
616 1782 706 1858 ipsius
721 1794 785 1840 ortu
803 1780 937 1840 dubitans
948 1803 1012 1840 ora-

273 1872 349 1927 mlum
360 1870 434 1929 adire
447 1871 590 1939 deerant,
603 1884 633 1929 ut
643 1883 801 1948 quaereret,
814 1892 849 1929 ex
860 1892 918 1947 quo
929 1883 1012 1929 natus

272 1970 344 2027 esset,
356 1970 446 2016 uotam
458 1980 495 2017 ea
511 1958 620 2035 Polybo
630 1979 666 2017 an
681 1980 717 2017 ex
730 1959 786 2016 olio
800 1959 926 2016 bomine.
940 1962 1012 2016 Oro·
1057 2001 1063 2013 .

272 2045 350 2103 culum
362 2048 530 2123 Delphicum
544 2066 629 2116 uero,
643 2046 722 2123 quod
738 2046 897 2118 consuluit,
910 2066 969 2104 non
982 2046 1012 2103 id

272 2132 338 2190 dedit
346 2154 523 2213 responsum,
539 2134 618 2212 quod
633 2137 768 2213 petierat,
781 2134 831 2193 sed
843 2156 909 2195 eum
921 2135 1012 2193 vetuit

273 2220 416 2297 simpliciter
439 2224 469 2281 in
498 2225 620 2301 patriam
646 2223 748 2281 redire.
775 2230 883 2281 Verum
912 2223 1011 2281 eodetu

275 2320 396 2383 tenpore,
416 2330 474 2387 quo
494 2310 626 2389 OEdipus
651 2312 800 2369 oraculum
823 2311 906 2382 adiit,
927 2311 1012 2369 laius

274 2418 369 2473 qaoque
392 2400 516 2457 incertus
536 2414 565 2459 et
589 2400 708 2472 anxius,
732 2399 803 2478 quid
825 2399 861 2457 de
881 2400 939 2457 lilio
959 2420 1012 2458 suo

274 2498 351 2541 artum
370 2500 459 2557 esset,
484 2490 632 2547 oraculum
656 2489 756 2545 statuit
780 2489 953 2559 consulere,
981 2501 1011 2545 ut

275 2574 343 2629 sciret
357 2576 459 2633 liliusoe
488 2596 557 2635 suus
568 2578 681 2635 viveret
697 2596 733 2633 an
750 2588 871 2633 mortem
884 2574 1011 2633 obiisset.

275 2662 329 2729 Quo
336 2682 412 2737 aquom
423 2666 650 2741 proficisceretur
660 2686 725 2722 curn
740 2664 846 2741 exiguo
863 2665 1011 2736 carenitatu,

276 2754 542 2832 mgunmqmdam
552 2796 560 2821 ,
571 2766 603 2812 ut
617 2755 743 2833 putavit,
757 2752 871 2809 obviarn
884 2754 909 2810 ei
922 2753 1012 2811 laeuas

276 2850 310 2891 est
321 2840 344 2895 in
356 2840 455 2899 riarum
474 2842 629 2921 angustiis,
645 2841 695 2899 ubi
711 2840 826 2898 difficile
842 2840 894 2897 luit
907 2839 943 2897 de
966 2842 1011 2898 via

277 2924 366 2983 aedem.
379 2928 457 3001 Quod
478 2950 568 3007 quum
583 2942 656 2987 esset
672 2928 764 2986 lacere
781 2928 878 3005 jussus
892 2950 907 2984 a
928 2928 1011 3001 Laio,

277 3012 316 3085 qui
327 3032 401 3073 narro
414 3017 580 3087 vehebatur,
597 3036 691 3096 neque
711 3016 939 3093 obtemperasset
953 3017 1010 3073 im·

278 3100 342 3171 letio
359 3104 444 3179 regis,
464 3106 512 3163 bic
533 3126 598 3163 eum
620 3118 752 3181 sceptro,
767 3104 846 3181 quod
863 3123 949 3161 mauu
966 3117 1010 3161 te·

278 3186 361 3256 blm·
384 3194 536 3270 percussit3
561 3206 590 3252 at
613 3193 746 3272 OEdipus
771 3192 897 3270 injurio,
925 3213 1010 3270 ‹praru

279 3293 402 3352 tmpessus
421 3293 497 3352 emt,
521 3281 710 3340 exacerbatus
734 3299 828 3358 regern
855 3299 920 3337 cum
949 3282 1010 3358 ple-

279 3371 505 3440 mqneeomitibus
517 3373 633 3430 occidit.
652 3369 762 3430 Deinde
774 3369 888 3441 eadent,
905 3383 935 3428 ut
951 3393 1010 3427 τειν-

279 3467 352 3526 pent,
364 3461 403 3516 ria
417 3461 540 3538 perrexit
556 3461 685 3534 ulterius,
699 3481 734 3518 eo
748 3479 862 3538 semper
875 3461 1011 3532 eousdio,

280 3551 425 3620 attereret,
443 3571 478 3606 ne
498 3569 625 3627 unquam
648 3549 835 3622 Corinthum,
851 3567 937 3626 aprum
959 3569 1011 3626 pa-

279 3631 345 3689 triam
360 3655 431 3696 suam
445 3641 571 3716 putavit,
589 3651 789 3697 reverteretur.

310 3723 475 3786 laiusautem
485 3747 575 3806 quum
586 3749 644 3785 non
655 3727 761 3787 rediret
771 3723 897 3797 Thebas,
907 3729 1010 3796 Creon,

279 3801 372 3867 ¹⁰0⁵!ae
383 3813 485 3887 irater,
501 3817 657 3894 imperium
676 3815 797 3892 aceepit.
820 3813 919 3890 Neque
941 3833 1010 3871 veru

277 3893 430 3974 domabit,
453 3916 484 3962 ot
508 3903 647 3980 dignitate
667 3923 717 3960 sua
741 3901 851 3981 populo
874 3902 1008 3959 ineolumi

278 3977 322 4036 [¹¹¹5
334 4003 421 4059 μενοι.
435 3991 577 4050 Terribile
589 3993 665 4051 enim
682 4003 859 4062 monstrum,
878 3989 1009 4068 Sphinx,

276 4065 397 4132 dimidiato
419 4099 539 4158 corpore
566 4081 648 4158 virgo
673 4094 702 4139 et
727 4079 833 4150 leaena,
856 4078 926 4135 loeis
944 4089 1010 4136 oute

276 4169 368 4226 ΡΜ
384 4170 527 4246 occupatis
546 4186 782 4246 unumquemque
799 4165 942 4242 perdidit,
959 4165 1008 4242 qui

275 4244 463 4330 ‘armaquod
472 4257 522 4316 ith
533 4258 700 4338 proposuit,
712 4256 823 4313 solvere
836 4273 894 4310 nou
906 4255 1008 4332 potuit.

275 4329 330 4388 Fuit
340 4353 418 4399 autern
429 4344 500 4403 illud
516 4344 680 4422 hujusmodi
695 4367 701 4402 ι

307 4425 372 4493 Ἐστι
380 4439 461 4499 δίπουν
473 4442 517 4501 lael
530 4446 579 4520 γῆς
589 4439 635 4500 καί
648 4439 792 4521 τέτραπον,
805 4429 834 4496 eb
847 4435 895 4514 μία
905 4434 988 4518 poelt,

306 4519 438 4602 Hirpinos·
453 4533 579 4590 ἀλλάσσει
591 4527 619 4587 δέ
631 4527 697 4611 parba
709 4527 787 4606 μόνον
799 4525 855 4586 ὅστ’
864 4525 909 4584 lari
919 4533 996 4602 γαῖαν

305 4607 385 4682 limi
394 4627 514 4692 antiret,
526 4617 576 4678 α’νέ
588 4617 612 4676 τ’
627 4617 716 4698 αἰθέρα
728 4615 772 4674 καί
784 4613 851 4674 sert
864 4611 969 4672 πύντον.

309 4691 460 4762 Ἀλλ’δπύταν
473 4704 634 4764 πλείστοισιν
646 4701 813 4781 έπεῑῖόίίῑνον
826 4699 888 4762 ποσὶ
900 4699 987 4780 βαίνίϋ
1055 4743 1080 4766 '⁴¹

302 4785 357 4842 blo
367 4790 437 4868 τέγος
447 4791 558 4869 γυίοισιν
570 4791 751 4873 ἀφαυρότατον
765 4789 839 4847 πελεν
855 4791 941 4847 αὐτοῦ.

269 4883 345 4954 ΟΜ
359 4907 432 4964 quum
448 4891 530 4950 multi
550 4890 657 4947 frustra
673 4888 768 4945 eonati
784 4898 878 4944 essent
898 4883 1008 4942 solvere
1094 4897 1101 4909 “

269 4985 293 5026 et
305 4973 424 5034 interbos
433 4981 519 5037 etiam
533 4981 662 5048 flamen,
675 4977 805 5034 Creontis
817 4975 900 5046 lilius,
912 4971 1009 5050 praeda

269 5061 388 5140 Sphingis
397 5067 482 5128 fartus
490 5069 683 5140 occubuisset,
694 5067 791 5126 iulelix
802 5077 891 5143 pater,
903 5067 1007 5133 Creon,

269 5149 304 5217 ‘b
313 5153 361 5228 qui
369 5157 511 5235 nigrantis
522 5179 539 5217 a
548 5159 677 5237 Sphinge
685 5155 827 5235 propositi
838 5152 1007 5212 sententiam

298 5395 397 5469 ³⁰⁸9&
406 5415 464 5460 tero
474 5335 714 5478 mmm,¹abdqua
728 5415 845 5466 corona,

296 5473 452 5537 motuum
467 5484 602 5557 υριίιιιιιιιι
621 5482 772 5542 sectandam
792 5481 998 5544 Prometheum.

1758 686 1817 738 m

1058 806 1192 879 eruisset,
1212 811 1352 865 locustam
1364 808 1394 865 in
1407 808 1620 866 matrimonium
1637 828 1668 865 se
1681 806 1815 865 datiuum

1056 892 1190 972 dotisque
1214 896 1277 954 loco
1300 897 1451 973 imperium
1469 897 1634 955 Thebarum
1651 897 1817 955 additurum

1056 983 1200 1057 praecouio
1218 983 1316 1041 edixit.
1326 984 1443 1041 Praemio
1456 984 1596 1042 adductus
1609 984 1756 1061 otdipus,
1767 986 1818 1061 qui

1055 1071 1206 1130 interiecto
1226 1073 1297 1129 Laio
1315 1068 1417 1132 eodeni
1437 1074 1494 1144 via,
1514 1094 1571 1150 qua
1591 1090 1729 1151 eoeperat,
1745 1096 1816 1151 pro-

1056 1157 1147 1215 iectus
1161 1159 1233 1217 forte
1244 1159 1358 1217 Thebas
1370 1161 1460 1233 venit,
1474 1162 1631 1239 Sphingem
1645 1160 1715 1220 adiit
1735 1162 1820 1220 aradi-

1056 1255 1142 1322 toque
1155 1247 1303 1323 aenigmate
1314 1248 1373 1305 brec
1386 1248 1555 1326 respondit:

1095 1359 1820 1442 Κλῦθικαίὠκέθίλουσα,κακόπτερεΜοῦοαθανιίντιον,

1135 1453 1222 1527 φωνῆς
1233 1449 1362 1530 ἡμετέρης
1372 1449 1417 1508 σὸν
1428 1450 1503 1519 τέλος
1515 1450 1678 1528 ἀμπλακίης.

1093 1532 1245 1616 ἰλνῐλρυνπον
1259 1536 1411 1610 κατέλεξας,
1425 1536 1453 1603 ὃς
1465 1537 1543 1609 ἡνίκα
1556 1546 1634 1615 γαῖαν
1646 1534 1761 1618 έρέρπιι,

1134 1626 1239 1703 πρῶτον
1250 1622 1298 1701 έρυ
1311 1624 1453 1707 τετράπους
1468 1627 1559 1696 νήπιος
1571 1627 1600 1683 ἐκ
1614 1624 1741 1702 λαγύνων·

1095 1708 1224 1790 γηραλέος
1240 1710 1268 1769 ll
1281 1710 1379 1787 πίλων,
1392 1712 1514 1793 τρίτατον
1524 1712 1593 1773 πόδα
1607 1711 1717 1795 βάκτρον
1729 1708 1820 1793 ἐρείδει

1136 1799 1236 1879 αὐχένα
1249 1800 1376 1881 ρορτίζιον
1387 1798 1469 1882 γήραϊ
1485 1800 1676 1879 καμπτόμενος.

1057 1913 1171 1985 Quibus
1185 1914 1290 1974 auditis
1312 1918 1467 1995 5ρ1ιίιιιιίιι
1484 1920 1672 1997 praecipitium
1694 1938 1757 1975 sese
1774 1916 1823 1975 de·

1052 2002 1131 2076 jecit.
1154 2004 1286 2081 OEdipus
1300 2018 1394 2063 autern
1416 2026 1466 2063 ren
1483 2006 1648 2064 Thebarum
1669 2006 1759 2063 laetus
1775 2010 1822 2062 lo-

1056 2104 1177 2163 castam,
1191 2092 1251 2151 Laii
1265 2113 1382 2151 atrorem
1394 2140 1402 2166 ‚
1414 2094 1444 2151 in
1457 2095 1668 2152 matrimonium
1681 2092 1801 2169 occepit.

1096 2183 1181 2250 Haec,
1207 2201 1272 2257 quae
1289 2181 1431 2258 exposui,
1457 2202 1473 2239 a
1498 2197 1584 2259 poeta
1612 2182 1641 2239 in
1666 2178 1820 2257 tragoedia,

1056 2286 1141 2341 quam
1156 2269 1313 2347 Sphingem
1330 2272 1507 2343 nominavit,
1529 2272 1671 2347 explicata
1686 2289 1748 2326 esse
1766 2289 1820 2324 νιν-

1057 2352 1127 2410 lunt.
1150 2355 1204 2412 sed
1225 2369 1292 2414 sarrit
1314 2357 1471 2436 fragmenta
1493 2372 1549 2417 tam
1576 2378 1668 2437 pauca
1690 2370 1821 2428 servata,

1057 2454 1087 2497 ut
1105 2442 1221 2516 quidvis
1238 2443 1318 2501 tacite
1332 2446 1402 2502 satis
1426 2459 1487 2502 tuto
1510 2445 1757 2525 pronuntiaveris.
1779 2448 1822 2525 Ita

1057 2547 1149 2605 neque
1172 2530 1207 2589 de
1229 2534 1361 2609 personis
1387 2534 1531 2609 tragoediae
1551 2554 1645 2612 neque
1672 2532 1709 2591 de
1732 2530 1822 2589 choro

1056 2617 1210 2694 quidquam
1230 2618 1317 2677 nobis
1339 2620 1376 2677 ab
1393 2622 1519 2698 antiquis
1534 2620 1724 2699 scriptoribu!
1746 2620 1820 2677 rela-

1057 2714 1115 2761 tum
1132 2718 1191 2772 est,
1208 2726 1301 2784 neque
1315 2709 1465 2784 qurnnodo
1483 2708 1618 2787 OEdipus
1639 2708 1754 2766 Thebas
1768 2728 1821 2764 re-

1057 2792 1130 2849 nerit
1143 2812 1237 2869 neque
1250 2815 1306 2873 qua
1324 2794 1372 2853 ille
1386 2796 1500 2853 ratione
1519 2796 1674 2873 imperium
1688 2795 1725 2853 sit
1741 2814 1821 2851 asse-

1056 2892 1154 2949 cutus,
1166 2882 1248 2939 uobis
1258 2904 1292 2939 ex
1306 2883 1445 2961 tragaedia
1455 2884 1588 2941 innotuit.
1602 2888 1703 2961 hlagna
1726 2894 1822 2939 tamen

1055 2990 1120 3027 curn
1138 2970 1236 3029 laetitia
1252 2972 1403 3050 OEdipum
1418 2984 1483 3049 pust
1500 2972 1701 3048 interemptam
1716 2970 1821 3046 Sphin-

1055 3080 1118 3137 gem
1140 3080 1157 3116 a
1181 3058 1324 3117 Thebanis
1347 3074 1501 3138 exceptum
1520 3080 1583 3119 esse
1606 3072 1687 3117 etex
1709 3058 1822 3133 reipsa

1056 3148 1151 3225 colligi
1166 3159 1260 3227 potest
1275 3160 1304 3205 et
1319 3168 1355 3205 ex
1367 3150 1528 3227 t'ragnrento
1538 3191 1547 3220 ,
1559 3147 1638 3227 quod
1652 3144 1729 3225 apud
1740 3146 1823 3202 Athe

1056 3257 1148 3293 arreum
1158 3248 1303 3293 serratum
1318 3251 1361 3294 est
1371 3242 1436 3309 XV,
1453 3259 1481 3316 p.
1493 3240 1562 3312 674,
1577 3243 1621 3304 D,
1632 3235 1822 3312 intelligitur:

1057 3323 1186 3401 Αἰσχύλος
1202 3321 1226 3379 δ’
1239 3324 1265 3380 έν
1285 3327 1322 3404 τῷ
1340 3323 1459 3407 λυομένῳ
1475 3299 1724 3406 Προμηθεῐίσαρῶς
1743 3321 1822 3400 μησίν

1055 3409 1094 3470 ὅτι
1106 3411 1150 3470 ἐπὶ
1160 3415 1225 3490 τιμ’γ’Ι
1236 3417 1282 3470 τοῦ
1293 3411 1454 3493 Προμηθέως
1465 3411 1510 3472 τίν
1520 3412 1648 3494 στέφανον
1658 3409 1822 3490 περιτίθεμεν

1054 3505 1087 3581 τῇ
1101 3501 1203 3583 κεφαλῇ
1219 3499 1356 3558 ἀντίποινα
1366 3504 1414 3558 τοῦ
1428 3497 1528 3559 ἐκείνου
1547 3499 1644 3577 δεσμοῦ
1656 3503 1702 3557 καὶ
1716 3497 1756 3556 ἔτι
1768 3499 1821 3578 (sie

1055 3593 1247 3661 Henuanuus)
1258 3589 1286 3646 έν
1300 3592 1334 3668 τῇ
1347 3587 1544 3670 έπιγραρομένρ
1561 3587 1658 3670 Σριγγὶ
1672 3584 1770 3646 cinola·

1080 3705 1823 3808 [1841ΤῷδὲΕένῳγιστέρανος,ιὶρχαῐυνστέφος,

1081 3811 1203 3911 δεσμῶν
1225 3816 1361 3911 ἄριστος,
1381 3821 1416 3887 ta
1436 3819 1620 3912 Προμηθέως
1631 3818 1738 3912 λόγου.

1054 3949 1252 4009 correxerunt
1271 3948 1367 4027 λύγου,
1386 3949 1565 4027 quodquam
1581 3961 1655 4006 esset
1671 3945 1821 4026 improba-

1055 4051 1114 4096 tum
1127 4038 1165 4096 ab
1178 4041 1362 4110 Hermanno,
1374 4049 1474 4116 postea
1484 4037 1520 4096 ab
1531 4037 1646 4108 eodem,
1658 4037 1712 4094 uisi
1723 4056 1822 4094 errore

1053 4125 1166 4194 accidit,
1187 4125 1346 4203 repositum
1367 4136 1420 4185 est.
1440 4129 1531 4183 Versu
1553 4145 1565 4182 1
1590 4124 1657 4183 libri
1683 4121 1820 4204 οτίρανον.

1053 4219 1188 4273 Ceterum
1218 4233 1277 4270 non
1298 4211 1455 4270 absurdum
1480 4233 1542 4271 esse
1563 4212 1686 4290 judico,
1711 4213 1822 4289 siquis

1054 4301 1210 4360 terribilem
1227 4302 1362 4380 Sphingis
1375 4302 1496 4361 sormam
1511 4315 1541 4360 et
1556 4315 1665 4360 motum
1683 4315 1713 4360 et
1725 4302 1820 4380 irnpe-

1055 4405 1113 4448 tunr
1139 4389 1315 4466 ‹leseriptum
1337 4409 1399 4448 esse
1422 4392 1452 4448 in
1477 4391 1615 4468 tragoedia
1639 4403 1729 4467 putet.
1753 4395 1821 4462 Qtrn

1054 4478 1236 4537 referendum
1245 4477 1330 4536 tuerit
1344 4480 1532 4554 fragmentum
1544 4479 1620 4556 apud
1631 4477 1820 4554 Hesychium:

1053 4563 1134 4647 [185]
1149 4593 1162 4615 ε
1172 4568 1309 4636 haste-‚t
1323 4567 1353 4622 lx
1366 4570 1412 4624 τοῦ
1427 4565 1515 4634 ἄξονος
1527 4557 1599 4646 ἦχος.
1612 4565 1722 4644 Λέγεται
1737 4563 1765 4624 δέ
1776 4565 1820 4622 καί

1052 4653 1115 4724 κνύη
1127 4651 1252 4712 saltata
1262 4653 1444 4736 ποδῶνψόρος,
1453 4656 1488 4718 ὡς
1500 4654 1629 4734 Αἰσχύλος
1641 4653 1746 4732 Σριγγί·
1754 4651 1821 4718 τινές

1052 4767 1079 4802 σε
1095 4765 1159 4826 ροισι
1173 4749 1249 4801 κνοῦν
1266 4743 1310 4800 τὸν
1324 4733 1406 4821 ἦχον,
1427 4741 1506 4814 κνόην
1526 4742 1554 4802 dl
1572 4741 1647 4824 μέρος
1665 4749 1710 4800 τοῦ
1724 4741 1820 4814 ἄξονος,

1051 4830 1200 4909 ἠγοινικές.

1093 4923 1127 4976 Et
1140 4933 1182 4976 est
1192 4917 1270 4976 aliud
1282 4917 1358 4996 apud
1369 4915 1591 4995 Aristophanem
1600 4918 1630 4974 in
1644 4920 1714 4974 [tarr.
1728 4919 1817 4972 than:

1105 5030 1187 5111 [¹8⁰]
1205 5033 1325 5126 l'qippe
1343 5027 1548 5125 δυσαμερίαν,
1566 5035 1710 5126 πρύτανιν
1726 5036 1819 5116 κύνα,

1053 5147 1103 5208 ubi
1115 5151 1275 5210 Scholiasta
1290 5149 1446 5210 :Tsenti
1463 5153 1494 5210 ίκ
1506 5149 1621 5232 Σριγγίς
1636 5147 1778 5227 Αἰσχύλου.

1398 5335 1462 5387 186.

1058 5457 1562 5533 Sphingemimportunam,reetorem
1571 5471 1681 5514 eonem.
