4567 6425
451 646 490 694 w
1121 613 1334 677 nuntiato,

699 751 969 820 Pausistratus,

490 892 533 951 Ad
546 886 749 950 Prometheum
758 882 837 962 quod
850 881 951 940 attinet
963 898 1105 958 perpauca
1117 877 1212 936 habuc
1286 923 1292 937 .

449 1001 514 1060 qnae
538 980 641 1037 dicam.
662 980 768 1034 Versus
782 972 821 1031 50
837 970 992 1030 offensioni
1006 969 1059 1028 luit
1075 967 1145 1028 viris
1158 966 1212 1025 do-

451 1072 513 1131 ctis.
535 1067 631 1128 Schol.
654 1063 781 1142 explicat
800 1059 920 1142 ἐπράχθη
941 1057 1063 1118 vocibus
1085 1055 1211 1137 ὥρισται,

450 1156 607 1217 sardum.
630 1160 730 1230 ltaque
749 1149 860 1230 ἐκράνθη
882 1166 982 1206 verum
1000 1147 1110 1224 putavi,
1131 1142 1211 1222 quod

452 1257 576 1322 postean
587 1239 715 1322 Reisiqio
729 1237 888 1314 conjectum
901 1255 963 1292 esse
974 1233 1106 1312 cognovi.
1118 1232 1213 1294 Scha-

451 1335 528 1391 terus
546 1332 575 1391 in
587 1336 664 1408 App.
676 1327 713 1390 nd
727 1332 811 1386 Dem.
824 1331 849 1398 l,
864 1343 892 1402 p.
905 1324 963 1395 876
975 1322 1090 1400 scripsit
1101 1320 1211 1400 ἐτάχθη.

450 1420 507 1480 sed
518 1432 595 1478 recte
605 1415 735 1499 ἐπράχθη.
749 1413 895 1472 Sententia
907 1425 952 1470 est
964 1435 971 1469 ι
985 1412 1083 1470 omnia
1095 1409 1125 1468 in
1141 1409 1213 1468 deo-

451 1529 514 1568 rum
530 1508 683 1567 utilitatem
696 1491 798 1562 essec'ta
816 1513 846 1560 et
861 1513 960 1579 parata
979 1499 1142 1573 sunt310vi
1157 1518 1211 1578 pa-

450 1610 514 1656 rent
530 1597 568 1655 dii
584 1608 617 1653 ut
636 1592 742 1672 qu'drns
761 1589 916 1672 imperium
933 1610 991 1647 non
1014 1587 1143 1666 contigit.
1169 1592 1213 1649 De

451 1685 562 1767 πράσσω
576 1684 612 1742 cl.
627 1689 709 1743 Eum.
728 1701 782 1739 ran
795 1693 823 1736 et
838 1679 904 1764 pali.

491 1776 538 1846 76.
547 1769 1050 1846 Pcdicaeintellignntnrqnaecaroem
1063 1776 1214 1845 penetrant

451 1882 510 1940 quo
518 1861 623 1919 arctius
636 1857 736 1938 pedem
750 1855 954 1932 constringant.

491 1949 548 2006 235
562 1947 626 2006 cod.
640 1944 718 2008 Med.
733 1941 824 2022 sehet
837 1941 949 2018 rnhpuc'
962 1939 998 2013 n.
1009 1939 1214 2001 Valckenarius

452 2033 503 2113 ἐγὼ
515 2036 537 2094 δ’
549 2034 674 2111 imhpqn'
688 2031 723 2104 ἐξ.
736 2031 903 2092 Deteriores
916 2030 1031 2088 codices
1042 2027 1094 2108 ἐγὼ
1105 2025 1134 2086 dl
1151 2027 1212 2085 τολ-

452 2129 503 2200 μῆς
515 2125 559 2182 vel
573 2119 624 2200 ἐγὼ
640 2119 665 2180 δ’
678 2123 692 2178 δ
705 2121 814 2197 τολμῆς,
826 2137 891 2197 qnae
905 2119 1056 2178 manifesto
1073 2129 1214 2176 correctio

450 2227 503 2271 est.

493 2303 549 2366 313
564 2312 631 2360 suut
641 2298 692 2377 qni
706 2295 784 2376 χόλον
798 2293 974 2376 improbent,
988 2296 1034 2354 cui
1048 2294 1128 2376 ὄχλον
1141 2291 1215 2352 suh-

454 2395 582 2450 stituant.
596 2393 685 2448 Recte
700 2383 777 2446 libri.
794 2387 866 2444 Sum
881 2383 1008 2456 labores,
1023 2382 1129 2461 quibus
1141 2387 1215 2442 Pro-

454 2479 583 2538 metheus
595 2474 774 2538 exrrntlandis
785 2473 927 2534 irasoitur.

494 2570 560 2636 tio.
571 2564 662 2626 Valde
678 2565 786 2621 incerta
800 2573 844 2620 est
852 2560 936 2639 hujus
946 2581 1044 2619 versus
1057 2560 1214 2638 scriptura3

453 2652 623 2721 inconsutiles
635 2652 664 2712 in
678 2649 760 2708 libris
773 2669 858 2710 runnu
869 2650 993 2732 scriptis.
1004 2649 1148 2725 Reisigius
1162 2648 1215 2706 de-

454 2743 570 2800 fendere
584 2753 703 2800 conatus
712 2750 755 2798 cst
765 2736 811 2798 his
822 2735 934 2798 verbis:
946 2736 1135 2797 Fundaruenti
1152 2735 1215 2794 loco

453 2830 616 2892 habendum
637 2825 818 2900 ὕτοοτινάζτι,
841 2838 900 2884 ιιιιιι
916 2837 1036 2906 propter
1057 2826 1215 2884 auetorita-

447 2935 511 2978 ·tem
527 2917 678 2989 librorum,
693 2928 753 2974 tum
769 2913 846 2998 qnod
863 2913 899 2971 de
913 2933 1000 2994 prosa
1017 2914 1148 2972 oratione
1160 2931 1215 2992 pe-

455 3009 539 3066 titum
570 3018 613 3066 est
636 3002 820 3071 δτοὸοστάζιι
851 3007 895 3061 lta
924 3014 1019 3060 antem
1045 2999 1133 3068 σθένος
1157 3021 1216 3061 non

455 3095 543 3156 habet
569 3115 628 3174 quo
649 3093 798 3152 reseratur.
818 3090 904 3164 Quod
924 3101 1019 3150 autem
1037 3092 1216 3152 Wellauerns

455 3185 562 3263 cogitat
576 3182 612 3243 tle
633 3183 739 3261 figura,
762 3200 848 3261 qnam
862 3177 889 3244 ἓν
908 3177 951 3238 nt
965 3179 1035 3241 δυοῖν
1051 3179 1165 3254 dicunt,
1180 3179 1216 3239 de

455 3294 491 3333 eo
504 3270 680 3333 multimodis
696 3270 825 3330 fallitur:
841 3269 879 3328 ita
893 3268 968 3330 euim
983 3288 1035 3325 uec
1055 3264 1085 3325 τέ
1108 3287 1215 3345 ponere

455 3363 522 3421 licet
544 3380 599 3441 pro
610 3356 664 3430 καί,
680 3378 732 3419 nec
746 3357 921 3436 praemittere
941 3354 1141 3415 attributivum
1161 3376 1215 3413 ιιο-

456 3470 520 3508 men
536 3469 543 3502 ι
560 3446 663 3509 deiude
674 3444 751 3527 βάρος
766 3443 920 3507 dicendum
937 3457 999 3503 erat
1014 3444 1051 3503 de
1063 3444 1146 3517 coelo,
1158 3464 1216 3501 non

455 3537 543 3603 σθένος
555 3558 562 3592 :
578 3548 716 3617 praterea
732 3554 769 3595 ne
781 3534 822 3591 sic
834 3531 950 3611 quidem
963 3553 1047 3611 quam
1062 3534 1218 3607 instituerit

456 3626 669 3703 grammaticam
681 3621 837 3682 verborum
852 3633 1023 3682 stunturam
1037 3621 1216 3699 intelligitur.

457 3712 612 3790 Scriptura
635 3710 826 3791 discrepantia
848 3722 947 3770 notata
969 3711 1047 3769 nulla
1062 3722 1121 3782 est,
1139 3730 1216 3787 prae-

456 3814 587 3881 terquam
600 3799 679 3877 qaod
697 3796 780 3858 Ἄτλιι
792 3798 815 3856 (ι’
831 3799 974 3875 reperitur
990 3797 1069 3879 apud
1089 3798 1218 3858 Scholia·

454 3901 537 3948 atam
562 3892 595 3946 In
609 3900 655 3948 ‘eo
678 3900 775 3948 autem
798 3886 942 3944 vocabulo
970 3886 1032 3962 ipsa
1053 3887 1217 3968 corruptela

455 3978 583 4038 cemitnr
591 3974 843 4053 emendandosque
853 3974 1010 4051 'AEschylm
1023 3975 1065 4033 sic
1076 3986 1119 4033 est
1130 3998 1137 4033 ε

533 4080 672 4153 Ἀτλαντος
685 4078 740 4138 elis
755 4082 894 4166 ὑπείροχον
903 4079 989 4146 etim
1003 4080 1126 4161 κραταιὸν

534 4170 652 4253 otperth
664 4193 693 4235 re
702 4170 784 4229 πόλον
794 4168 887 4237 νώτοις

595 4258 772 4329 merdin.

1078 4330 1088 4355 G

457 4375 500 4429 lta
521 4371 673 4449 Reisigius,
685 4371 736 4450 qui
748 4372 1014 4451 interpretationem
1027 4371 1130 4432 deinde
1145 4380 1218 4433 Ger·

457 4461 597 4521 manicam
617 4460 739 4521 addidit.
761 4466 833 4533 Qnae
857 4481 947 4537 qutun
978 4458 1112 4521 subtilius
1132 4482 1218 4540 quarn

398 4613 401 4617 A
456 4548 554 4605 serius
566 4549 709 4626 explicata
723 4548 793 4608 mihi
812 4548 990 4623 viderentur,
1010 4571 1069 4609 non
1089 4549 1218 4610 dubitavi
1263 4554 1437 4616 bitarieuina
1451 4578 1508 4617 non
1528 4555 1811 4636 potest,quiu)uiaoc
1826 4550 1964 4624 sivelrhru
1979 4556 2025 4613 rel
2101 4564 2102 4611 1

457 4633 598 4693 hindorui
610 4650 638 4694 et
650 4635 763 4697 facilem
774 4648 804 4693 ct
815 4636 974 4713 elegantem
988 4639 1219 4701 emendationem
1239 4633 1244 4739 Ι
1262 4644 1353 4703 simile
1374 4644 1445 4723 qnid
1460 4646 1497 4703 sit
1512 4645 1726 4706 fundamentum
1745 4644 1822 4701 vocis
1841 4664 1877 4701 ex
1895 4662 1953 4720 qno
1966 4642 2024 4702 dri·
2101 4688 2102 4715 ι

456 4722 604 4782 asciscere.

496 4811 565 4882 57⁸.
580 4811 652 4870 Vide
666 4810 822 4870 Hermanui
837 4814 944 4891 Opusc.
967 4814 1024 4870 vol.
1042 4816 1093 4885 lV,
1107 4833 1135 4891 p.
1153 4816 1218 4879 334.

496 4896 552 4969 617
564 4897 643 4974 qnod
659 4897 746 4958 hodie
759 4898 862 4975 legitur
875 4906 928 4957 arde
937 4897 988 4977 γὰρ
1000 4898 1042 4971 ἂν,
1061 4920 1098 4957 ea
1116 4900 1218 4977 conje-

457 4998 538 5045 ctura
548 4988 584 5043 fl.
598 4986 733 5065 Stephani
741 4986 902 5067 prolectam
916 4998 977 5056 est;
990 5006 1090 5047 vemm
1101 4988 1218 5048 minime

457 5072 644 5150 rejiciendum
664 5088 708 5133 est
719 5084 772 5135 πᾶν
789 5073 841 5155 γὰρ
854 5064 910 5148 οἷν,
923 5096 961 5135 ex
973 5074 1072 5133 codice
1088 5075 1219 5135 Mediceo

459 5176 618 5225 enotatnm.
631 5163 771 5225 Fateuim
792 5162 856 5221 lene
877 5163 1031 5242 imperium
1051 5165 1097 5223 vet
1122 5166 1218 5241 potius

461 5251 652 5311 exhortatio:
676 5276 688 5300 ι
711 5253 765 5313 Dic
784 5252 855 5331 quid
876 5253 965 5321 velis,
992 5272 1057 5310 nam
1088 5272 1145 5311 non
1176 5266 1219 5311 est

460 5340 539 5416 quud
552 5340 649 5398 timeas
659 5362 667 5397 ε
678 5340 809 5416 exquiras
823 5360 859 5397 ex
872 5358 918 5397 me
931 5342 1035 5399 omnia.
1051 5367 1064 5391 ν
1076 5342 1119 5400 Cf.
1129 5342 1217 5419 Soph.

459 5427 535 5493 OEd.
546 5432 579 5491 C.
597 5430 644 5499 tl,
660 5426 713 5491 nbi
729 5428 871 5487 immerito
892 5426 923 5485 ἃν
940 5429 1142 5507 interpositum
1156 5443 1217 5488 est.

1258 748 1308 808 Est
1332 747 1408 806 enim
1429 763 1528 808 votnm
1551 748 1627 806 illins
1647 747 1696 826 qni
1718 747 1845 826 loquitur
1865 759 1895 803 ut
1910 765 2018 805 uerrn·

1255 855 1340 914 quatu
1353 837 1479 916 populus
1499 837 1675 896 Atheniensis
1697 834 1870 894 Emuenidas
1885 834 1941 893 alin
1962 853 2017 892 no·

1256 937 1435 983 murevocet.
2014 927 2018 934 ’

1296 1031 1353 1082 7¹²
1367 1011 1481 1071 codices
1496 1032 1595 1072 omues
1611 1009 1735 1088 γῦποδιις.
1755 1017 1936 1072 Hermaunns
1949 1009 2020 1070 ἀλλὰ

1254 1095 1306 1174 γυῑ’
1320 1095 1473 1164 ἁλιστόνοις.
1590 1162 1595 1176 .

1296 1206 1362 1259 770,
1388 1187 1428 1245 ita
1450 1188 1632 1265 interpretes.
1657 1186 1755 1246 eones
1784 1187 1911 1264 optimus
1933 1185 2022 1260 πλὴν,

1255 1271 1333 1350 quod
1347 1274 1462 1332 minime
1474 1273 1662 1350 rejiciendum
1677 1288 1720 1333 est
1737 1285 1766 1333 et
1781 1274 1902 1333 tortasse
1918 1277 2023 1333 melius

1255 1381 1341 1439 quam
1357 1361 1435 1439 qnod
1447 1376 1594 1442 receptum
1610 1376 1662 1422 est.

1296 1469 1349 1525 79¹
1370 1449 1479 1510 lacuuae
1492 1452 1604 1529 signum
1620 1464 1663 1510 est
1678 1449 1860 1530 appositum
1880 1471 1980 1508 verum
1996 1453 2021 1508 si
2101 1453 2102 1456 ’

1255 1535 1411 1608 ἡλιοττιὸεῑς
1424 1559 1479 1618 pro
1496 1539 1587 1598 verbo
1605 1541 1747 1618 accipias,
1770 1559 1805 1597 eo
1828 1539 2021 1618 supersedere

1190 1681 1194 1690 ,
1267 1625 1374 1685 noteris.

1257 1645 1266 1703 l
1297 1714 1354 1770 ⁸80
1368 1727 1435 1772 srrrrt
1446 1715 1496 1792 qui
1507 1712 1605 1794 ἄπυρος
1616 1717 1854 1772 candennsu'mum
1868 1712 2022 1790 explicent.

1256 1805 1322 1859 Non
1338 1816 1425 1861 recte.
1439 1802 1610 1880 Intelligimr
1624 1804 1701 1862 euim
1713 1803 1845 1862 stimulus
1856 1801 1907 1878 qui
1922 1821 2025 1878 quam·

1257 1908 1342 1967 qoam
1352 1891 1414 1947 siue
1424 1891 1488 1968 igne
1502 1903 1554 1964 est,
1565 1904 1659 1949 tamen
1671 1891 1753 1949 ardet
1761 1889 2022 1949 vehementissime.
2101 1899 2102 1972 J

1300 1981 1373 2036 1013
1389 1981 1475 2054 μεῖζον
1487 1978 1516 2036 in
1530 1977 1626 2050 codd.;
1637 1985 1710 2054 μοῑον
1724 1978 1889 2056 conjectura
1901 1975 2022 2034 Stauleii
2101 1973 2102 2034 J

1187 2116 1193 2128 .
1259 2063 1383 2124 refutata
1400 2067 1437 2124 ah
1450 2067 1624 2129 Wellttuero.
2101 2077 2102 2086 ¹

1300 2155 1374 2212 1050
1387 2159 1405 2227 ἡ
1416 2155 1490 2213 τοῦδε
1503 2153 1572 2234 τύχη
1591 2154 1747 2226 endothi,
1761 2155 1790 2213 ni
1803 2155 1901 2231 lallor,
1919 2151 2021 2230 conjen

1257 2252 1339 2299 ctnra
1352 2255 1402 2300 est.
1422 2241 1494 2301 Cod.
1506 2243 1584 2303 Med.
1602 2233 1620 2315 il
1640 2243 1710 2303 τοῦδ’
1723 2245 1836 2323 εὐτυχῆ,
1848 2244 1878 2300 ia
1893 2243 2023 2320 margine

1258 2329 1281 2388 tl
1294 2327 1362 2388 τάδ’.
1374 2330 1431 2388 dlii
1443 2330 1535 2390 aliter.

1541 2482 1740 2510 -Οθὺ-

1433 2566 1584 2628 SEPTEM
1604 2568 1658 2628 AD
1677 2567 1834 2628 Thenas.

1297 2699 1333 2754 V.
1353 2697 1387 2756 13
1400 2698 1504 2776 copula
1517 2711 1584 2776 post
1593 2695 1665 2780 ὤραν
1678 2699 1758 2760 deest
1769 2702 1799 2760 irt
1811 2695 1945 2756 omnihus
1960 2696 2022 2752 lere

1259 2782 1422 2856 codicibus;
1444 2787 1542 2864 itaque
1563 2807 1624 2844 earu
1643 2786 1739 2864 rejeci.
1758 2787 1889 2848 Eteocles
1907 2785 1935 2843 iu
1957 2803 2023 2840 ma-

1259 2873 1337 2931 ximo
1354 2876 1454 2950 patriae
1475 2875 1605 2954 periculo
1622 2895 1721 2934 omnes
1736 2877 1772 2935 ad
1791 2895 1870 2934 arma
1884 2871 2023 2949 capienda

1259 2973 1374 3033 evocat,
1394 2960 1479 3019 etiam
1501 2982 1607 3039 pueros
1629 2975 1658 3020 et
1679 2984 1760 3022 senes
1774 2964 1824 3042 qui
1837 2983 1854 3022 a
1869 2959 1951 3020 bellis
1966 2960 2025 3016 alio

1260 3060 1390 3126 tempore
1406 3050 1588 3108 vacationem
1606 3050 1760 3111 habehant.
1780 3057 1923 3110 Jrrvenum
1944 3049 2023 3105 nulla

1260 3135 1366 3194 mentio
1379 3135 1509 3195 faciendi
1525 3152 1604 3213 erat,
1618 3141 1686 3218 quia
1703 3141 1733 3199 hi
1748 3140 1827 3199 omni
1843 3151 1973 3216 tempore
1986 3136 2024 3194 ad

1260 3223 1361 3283 urbem
1373 3224 1580 3286 defendendam
1590 3230 1677 3287 armis
1689 3218 1781 3309 pari-ati
1796 3248 1857 3287 esse
1869 3225 2025 3287 debebant.
2101 3236 2102 3301 j

1259 3319 1360 3393 ltaque
1373 3329 1405 3374 ut
1422 3316 1529 3395 aliquid
1545 3318 1669 3390 diceret,
1684 3340 1743 3397 quo
1756 3318 1846 3397 majos
1863 3315 2024 3395 pericnlum

1261 3404 1361 3482 patrias
1377 3404 1527 3463 imminens
1552 3406 1731 3479 ostenderet,
1750 3406 1872 3484 juvenes
1896 3422 2025 3462 comme-

1261 3511 1373 3549 morare
1387 3492 1491 3551 omisit.
1503 3497 1584 3563 Quos
1596 3496 1618 3551 si
1630 3496 1769 3552 voluisset
1781 3494 1941 3561 nominare,
1952 3512 2025 3568 pro-

1260 3580 1305 3637 cul
1330 3578 1419 3637 dubio
1443 3580 1472 3638 id
1495 3600 1553 3638 non
1571 3582 1692 3640 strictim
1715 3594 1744 3641 et
1765 3580 1980 3657 obiter-copula
1995 3579 2026 3637 τέ
2101 3584 2102 3603 ³

1262 3680 1317 3725 tam
1330 3667 1384 3725 levi
1397 3669 1519 3727 et'teuni
1533 3668 1631 3729 addita
1645 3672 1767 3739 fecisset,
1781 3682 1810 3728 ut
1824 3668 2026 3727 tantummodo

1260 3752 1331 3836 ὥραν
1341 3753 1364 3813 τ’
1377 3753 1462 3834 ἔχονθ’
1473 3754 1582 3815 ἕκαστον
1597 3758 1714 3817 diceret.
1727 3760 1826 3838 ltaque
1837 3754 1908 3837 ὤραν
1919 3755 2025 3813 omissa
2101 3776 2102 3809 1

1261 3846 1364 3921 copula
1385 3844 1567 3903 scribendum
1592 3846 1653 3905 luit.
1676 3847 1787 3906 Deinde
1806 3843 1841 3913 ὥς
1862 3868 1889 3903 τι
1910 3844 2026 3903 codices
2101 3908 2102 3911 ς

1261 3934 1373 4014 optimi.
1390 3934 1533 3995 Stanleius
1548 3932 1584 4001 a<
1604 3958 1647 4007 τις
1670 3937 1749 4015 quod
1767 3956 1856 4014 quum
1874 3932 1960 4011 paulo
1976 3934 2024 3990 in·

1261 4026 1411 4083 certiorem
1437 4027 1680 4102 comparationem
1705 4027 1798 4099 saciat,
1818 4028 1853 4091 ὥς
1867 4024 1896 4083 τὸ
1917 4022 2023 4103 praele-

1262 4112 1383 4173 rendttm
1402 4112 1546 4190 judicavi.
1566 4114 1584 4174 i.
1606 4136 1630 4173 e.
1649 4116 1878 4189 qnernndmodum
1904 4111 2024 4185 officiam

1261 4207 1470 4277 uuiuscujusque
1485 4216 1527 4258 est
1540 4210 1703 4277 ereparrr'aor
1717 4200 1858 4277 defendat.

1303 4292 1340 4347 83
1354 4290 1492 4349 sententia
1503 4303 1532 4348 et
1543 4310 1643 4349 versus
1660 4292 1806 4371 postulant
1821 4286 1953 4363 ἱλιδέμαι.
1967 4294 2024 4345 Co-

1263 4377 1340 4436 dices
1354 4377 1502 4455 ἓλιδιμνάς.

1308 4467 1361 4525 125
1376 4480 1512 4526 construe
1523 4490 1530 4527 ι
1541 4473 1616 4544 γενοῦ
1632 4467 1739 4531 Λύκειος
1754 4470 1833 4531 ἀϋτᾶς
1844 4464 1954 4522 στόνων.
1963 4468 2024 4521 Du·

1262 4752 1329 4797 ιιιιος
1343 4732 1380 4792 sit
1393 4732 1547 4799 derivatus.
1561 4733 1646 4803 Quod
1656 4734 1678 4791 sl
1693 4744 1744 4800 est,
1761 4730 1868 4795 Διἰιιτιος
1884 4730 2022 4807 siguilicat
2101 4732 2102 4799 ξ

1262 4818 1370 4898 aliquid
1389 4820 1466 4896 quod
1490 4822 1636 4881 affinitatis
1651 4820 1760 4899 aliquid
1776 4818 1879 4877 haheat
1896 4839 1961 4879 cutn
1978 4841 2021 4877 rn-

1262 4904 1317 4967 diis
1332 4908 1409 4967 solis.
1423 4908 1486 4965 vid.
1503 4912 1596 4966 Duuc.
1611 4913 1678 4965 tes.
1693 4912 1779 4967 Hom.
1793 4906 1874 4969 Piud.
1885 4927 1913 4967 v.
1929 4904 2023 4971 Λύκος.

1306 4995 1355 5049 161
1383 4993 1496 5053 codices
1523 4994 1605 5059 atlet-
1627 4996 1653 5051 ὶν
1677 4993 1791 5075 μέχαιτῖ
1815 5016 1852 5054 τι.
1881 4994 2024 5053 Dindoetti

1261 5078 1425 5155 conjectura
1440 5094 1482 5139 est
1497 5082 1524 5140 ir
1540 5081 1646 5161 μάχαις·
1659 5082 1690 5140 οὐ
1702 5106 1740 5155 τε,
1752 5102 1816 5161 qnae
1825 5082 1944 5143 fortasse
1957 5103 2023 5159 pro·

1262 5166 1327 5245 pius
1343 5166 1460 5225 accedat
1479 5167 1514 5225 ad
1530 5168 1632 5229 ductus
1650 5170 1797 5229 literarum
1811 5189 1874 5245 quar
1888 5183 1954 5227 sunt
1970 5190 2022 5226 co-

1261 5254 1371 5323 dicum,
1385 5254 1409 5315 si
1432 5255 1576 5315 scribatur
1596 5270 1628 5315 ut
1647 5259 1749 5335 scripsi
1768 5280 1775 5315 :
1794 5258 1821 5317 tr
1838 5256 1927 5337 μάχᾳ·
1940 5254 1972 5314 οὗ
1984 5280 2019 5317 ιτ

1261 5347 1422 5403 Pronomeu
1439 5341 1472 5402 nd
1488 5346 1564 5403 enim
1577 5347 1766 5407 necessarium
1778 5360 1837 5405 est:
1851 5365 1915 5406 nam
1924 5366 2025 5403 ourue·
2101 5380 2102 5413 ι

1260 5430 1379 5489 deorum
1392 5432 1587 5495 invocationes
1599 5434 1636 5494 ab
1651 5436 1704 5495 hac
1719 5437 1820 5495 vocula
1833 5436 1983 5514 incipiunt.
