4567 6425
457 730 513 782 tlt

457 856 591 934 Μαρτυρεῖ
605 825 633 907 δι’
646 872 697 924 μου
711 850 748 927 rigi
763 847 833 926 λόγῳ
857 848 993 926 Σοφοκλῆς
1007 844 1056 922 pls
1074 849 1089 903 δ
1104 866 1210 925 τραγῳ-

456 937 558 1004 δοποιὸς
568 940 596 997 ἐν
606 934 782 1017 Τριπτολίμῳ
791 933 914 1015 δράματι·
928 932 1070 1003 πεποίηται
1078 931 1130 1013 γὰρ
1142 934 1213 1013 αὐτῷ

456 1027 586 1106 Δημήτηρ
595 1022 754 1083 διδάσκουσα
765 1019 949 1102 'iper-:clupeos
959 1020 1121 1099 ὅσηνχώροιν
1135 1022 1213 1097 ἀναγ-

456 1112 616 1185 κασθήσεται
631 1110 744 1189 σπείρων
762 1118 815 1175 τοῖς
829 1112 940 1168 δοθεῖσιν
954 1109 998 1166 ὑπ’
1009 1111 1089 1179 αὐτῆς
1102 1116 1213 1187 καρποῖς

457 1202 598 1265 διιξιλθεῖν.
611 1203 764 1272 λίνηοθιῖσα
777 1199 806 1258 δὲ
818 1195 935 1279 τῆςδιρίου
943 1200 1046 1275 πρῶτον
1057 1196 1185 1265 Ἰταλίας,
1195 1194 1213 1267 ἥ

457 1294 526 1349 ἐστιν
542 1288 594 1347 ἀπὸ
605 1288 686 1367 ἄκρας
702 1286 836 1363 Ἰαπυγίας
848 1285 927 1364 μέχρι
936 1288 1054 1365 πορθμοῦ
1065 1285 1212 1355 Σικελικοῦ,

456 1378 502 1437 καί
525 1377 591 1453 μετὰ
611 1382 689 1436 τοῦτο
703 1380 751 1447 τῆς
764 1374 870 1456 ἀντικρὺ
883 1373 1007 1454 ἁψαμένη
1021 1372 1153 1445 Σικελίας,
1169 1373 1213 1431 ἐπὶ

456 1465 503 1537 τὴν
517 1464 638 1543 ἑσπέριον
652 1462 767 1523 Ἰταλίαν
781 1454 854 1527 uile<
875 1462 1029 1542 διαστρέφει
1046 1460 1092 1519 καλ
1110 1458 1143 1518 τὰ
1162 1459 1213 1536 μί-

457 1576 534 1631 γιστα
554 1555 605 1609 τῶν
629 1549 770 1609 οἰκούντων
790 1548 839 1621 τὴν
865 1548 993 1630 παράλιον
1015 1546 1112 1618 ταύτην
1134 1547 1213 1605 ἰθνιῗιν

457 1638 627 1736 δυξίρχιται,
640 1636 688 1709 τὴν
703 1636 788 1717 ἀρχὴν
801 1637 855 1696 ἀπὸ
872 1640 918 1708 τῆς
932 1634 1074 1714 Οἰνώτρων
1087 1634 1214 1706 οἰκήσεως

457 1726 621 1802 ποιησαμένη
638 1727 697 1784 κτλ.
713 1732 843 1803 Apparet
859 1725 920 1783 hec
941 1724 1019 1783 dictu
1032 1742 1111 1793 esse,
1130 1736 1213 1780 ante-

457 1833 543 1891 quam
561 1815 755 1891 Triptolemus
777 1812 1037 1891 peregrinationem
1056 1812 1145 1881 adiit;
1160 1810 1208 1869 de·

457 1902 525 1959 inde
546 1903 675 1979 ineptum
696 1900 813 1958 videtur
840 1900 952 1977 longam
975 1898 1074 1956 allerri
1099 1899 1214 1957 Cereris

457 1991 636 2059 orationem,
656 2008 714 2064 qua
736 1987 806 2045 olim
825 1987 1035 2065 Triptolemum
1060 1985 1213 2062 docuerit,

457 2096 545 2151 quum
555 2076 615 2152 jem
630 2076 699 2133 huic
710 2076 806 2131 omniu
815 2086 936 2150 experto
947 2074 1047 2131 liceret
1058 2094 1214 2150 exponere,

456 2184 527 2240 quus
539 2165 568 2222 in
582 2176 671 2221 terras
683 2163 830 2219 devenerit
841 2185 849 2233 3
859 2180 951 2237 neque
963 2162 1052 2239 ipsius
1064 2162 1166 2219 meritu
1176 2164 1215 2221 ita

457 2264 534 2309 recte
548 2249 683 2309 laudibus
699 2251 796 2307 ellerri
819 2262 934 2325 putem,
953 2250 978 2306 si
998 2248 1086 2306 rerba
1104 2251 1215 2308 Cereris

457 2341 634 2405 offerentum
653 2351 753 2416 postea
776 2337 846 2414 quid
871 2338 999 2394 evenerit
1015 2338 1215 2414 peregrinanti

456 2438 648 2501 exspectatum
656 2438 802 2503 postremo
813 2445 869 2481 non
880 2426 1061 2502 intelligitur,
1067 2426 1215 2502 quomodo

458 2526 524 2589 post
536 2513 583 2570 illu
596 2513 708 2571 Cereris
722 2513 809 2589 verbu
821 2513 991 2590 Triptolemi
1008 2533 1053 2571 res
1067 2526 1153 2592 gestae
1163 2534 1214 2572 ex-

458 2601 527 2676 poni
553 2602 710 2678 potuerint.
729 2610 770 2659 Ac
789 2602 887 2658 nescio
911 2622 947 2658 un
971 2601 1101 2676 Dionysii
1126 2601 1215 2659 rerba

457 2688 515 2745 sint
529 2688 691 2763 ejusmodi,
714 2677 895 2756 utCercrem
915 2688 1108 2746 introductam
1129 2691 1214 2747 luisse

457 2774 678 2833 existimandum
689 2776 735 2833 sit.
745 2780 829 2834 Certe
839 2796 936 2833 versus
947 2796 1020 2853 quos
1030 2774 1148 2852 subjicit
1160 2780 1216 2836 ce.

459 2864 528 2921 reris
543 2864 632 2942 ipsius
646 2876 713 2921 snnt
727 2884 779 2921 nee
794 2865 867 2923 bene
880 2864 918 2921 ab
935 2865 993 2921 alio
1007 2865 1047 2921 ita
1066 2865 1147 2922 citari
1163 2885 1216 2942 po-

458 2962 559 3009 teraut.
573 2955 713 3009 Praeterea
731 2956 818 3009 Ceres
835 2950 897 3027 ipsu
918 2951 1053 3027 mysteria
1071 2952 1215 3009 Eleusinia

457 3038 612 3095 instituisse
624 3038 801 3116 perhibetur,
812 3059 905 3115 neque
919 3038 983 3095 talis
994 3039 1126 3097 doctrina
1143 3059 1215 3117 qua·

457 3124 491 3182 lis
501 3125 619 3181 initiatis
628 3126 793 3203 contingere
806 3124 961 3202 putubatur
970 3124 1009 3181 ub
1022 3126 1080 3182 ullo
1091 3126 1147 3183 alin
1161 3128 1215 3185 nisi

457 3234 474 3271 a
495 3214 551 3272 cleo
572 3214 714 3290 proficisci
731 3216 827 3291 potuit
840 3217 941 3288 llsocr.
958 3215 1052 3272 Eleus.
1065 3221 1080 3286 ς
1093 3217 1140 3288 αδ,
1153 3217 1215 3274 Ari-

457 3299 520 3357 stid
529 3301 625 3360 Eleus.
639 3320 683 3358 or.
695 3313 765 3359 tom.
776 3305 801 3373 1,
813 3323 841 3378 p.
850 3303 928 3378 tio).
938 3302 1081 3372 Quocirca
1091 3303 1144 3359 deu
1157 3323 1215 3361 nou

458 3387 551 3444 minus
579 3390 737 3446 necessaria
770 3390 824 3447 snit
852 3390 1000 3476 ‘mysteriis
1032 3390 1215 3450 instituendis

457 3494 543 3550 quarn
551 3476 678 3533 illinerva
687 3482 839 3554 Areopago
848 3477 1061 3535 constituendo.
1071 3479 1215 3549 Quocirca

458 3563 541 3621 tacite
558 3562 715 3621 credideris
731 3564 877 3626 Eleusinia
900 3567 981 3642 prius
998 3585 1061 3623 esse
1082 3567 1214 3626 instituta

457 3673 542 3728 quum
555 3651 765 3728 Triptolemum
777 3651 944 3724 dimissum,
960 3667 992 3710 nt
1005 3654 1052 3710 hie
1062 3656 1150 3713 sacris
1160 3657 1215 3714 iui-

458 3741 546 3798 tiotus
564 3752 594 3796 et
613 3739 786 3798 frumentum
807 3753 835 3798 et
850 3741 958 3798 cultum
971 3741 1083 3798 Cereris
1101 3742 1131 3798 in
1145 3744 1214 3802 alins

458 3842 549 3886 terres
569 3841 748 3906 propageret.
771 3837 862 3906 Atque
888 3828 1055 3906 tragoediam
1080 3829 1109 3886 in
1135 3830 1213 3889 hunc

458 3916 574 3974 modum
601 3919 788 3993 compositam
811 3916 978 3987 crederem,
1005 3917 1060 3974 nisi
1084 3918 1212 3994 quaedam

458 4005 615 4078 fragmenta
626 4006 770 4080 trugoerliae
784 4005 986 4080 reperirentur,
998 4024 1060 4080 qne
1072 4004 1139 4063 buic
1150 4025 1216 4063 seu-

459 4093 554 4148 tentiae
576 4105 775 4168 repugnarent.
798 4094 853 4149 Vix
875 4083 950 4149 euim
974 4090 1105 4150 dubitari
1120 4107 1214 4171 potest

457 4179 527 4253 quin
540 4178 749 4254 Triptolemum
768 4193 853 4256 poeta
867 4179 966 4237 lecerit
979 4181 1008 4236 in
1027 4183 1149 4258 patriam
1164 4201 1212 4240 re-

459 4285 572 4322 versum
592 4266 690 4342 ibique
711 4280 916 4344 exponentem,
930 4287 995 4343 quae
1009 4267 1062 4345 ipsi
1084 4270 1214 4346 contige-

458 4367 523 4408 rmt.

497 4445 566 4513 Quae
582 4443 722 4517 quumita
737 4445 812 4512 siut,
834 4462 891 4499 non
916 4443 1016 4500 dubito
1038 4445 1107 4520 quin
1129 4458 1214 4522 poeta

458 4528 619 4604 exemplum
633 4528 771 4604 AEschyli,
781 4530 831 4607 qui
843 4531 871 4586 in
883 4530 1089 4590 Fumeuidibus
1099 4533 1214 4608 longum

458 4616 603 4692 tragoediae
616 4617 796 4674 intervallum
813 4618 1005 4695 interposuit,
1024 4620 1053 4678 iu
1067 4620 1121 4677 bue
1138 4641 1215 4696 quo-

458 4723 516 4778 que
531 4704 694 4782 tragoedia,
717 4724 781 4781 quae
806 4717 869 4762 erat
893 4722 1060 4782 argumento
1088 4707 1214 4785 quodum

458 4805 543 4868 pacto
557 4813 615 4851 non
628 4793 721 4850 aliena
742 4791 779 4851 ab
790 4792 860 4862 illa,
884 4807 999 4852 secutus
1012 4797 1058 4852 sit.
1077 4799 1214 4872 Magnum

459 4881 574 4956 quidem
586 4893 647 4939 erat
658 4882 856 4954 intervallum3
868 4895 897 4940 at
909 4884 1103 4961 Triptolemus
1115 4885 1215 4946 druco-

458 4967 543 5026 nibus
558 4989 610 5046 per
620 4990 714 5027 aerem
727 4983 825 5028 vectus
837 4990 895 5028 non
909 4983 965 5028 tum
980 4972 1079 5030 docuit
1091 4974 1215 5050 agricul-

461 5067 552 5114 turam
577 5077 662 5134 qnam
686 5059 759 5115 sevit
781 5059 979 5131 frumentum,
1000 5060 1078 5136 «quod
1106 5061 1214 5117 arrrxilio

804 5265 855 5311 328

548 5335 660 5404 llepone
674 5337 701 5389 in
716 5337 797 5390 animi
811 5337 909 5392 tulmlis
922 5339 1000 5392 rerba
1014 5354 1084 5393 urea.

805 5423 866 5470 329.

530 5491 596 5558 Qute
608 5499 700 5563 testea
713 5492 822 5548 suntad
834 5493 956 5550 dextram
970 5511 1098 5553 monum.

1000 713 1209 774 sueuoetts
1231 711 1478 775 FRAGMENTA.

1267 844 1379 903 Cereris
1397 845 1528 903 celeriter
1543 848 1683 924 provenit
1698 849 1839 919 Quocirca
1860 851 1998 909 oecoaonria

1267 932 1411 1009 tragoediae
1425 934 1485 991 baec
1494 954 1556 993 esse
1570 936 1683 1013 potuit:
1697 936 1819 1013 Prologo
1830 940 1912 995 Ceres
1922 938 1998 995 intru-

1266 1018 1352 1077 dnctu
1363 1033 1421 1091 est,
1434 1041 1498 1099 quae
1511 1022 1549 1081 de
1566 1021 1723 1093 beneflcio,
1740 1044 1800 1101 quo
1816 1024 1939 1083 homines
1949 1026 1998 1083 affi-

1265 1129 1330 1165 cere
1344 1108 1453 1181 voluit,
1468 1112 1678 1188 Triptolemum
1692 1112 1817 1170 edocuit.
1832 1114 1871 1171 ltu
1886 1112 1955 1183 abit,
1975 1127 2000 1171 ut

1265 1216 1329 1270 quae
1341 1216 1356 1253 a
1373 1202 1476 1256 Cerere
1488 1197 1621 1256 mandata
1632 1202 1793 1276 acceperit,
1806 1222 1840 1259 eu
1851 1200 1924 1279 apud
1934 1214 1998 1257 exte·

1266 1304 1311 1341 ras
1323 1297 1422 1361 gentes
1436 1298 1619 1363 exsequatur.
1633 1294 1699 1361 Quo
1715 1290 1791 1345 lucto
1808 1289 1911 1347 chorus
1927 1290 2000 1345 inter-

1267 1372 1344 1428 venit
1356 1373 1481 1429 urrunnu
1496 1394 1602 1431 cuneus
1616 1374 1644 1431 in
1663 1374 1801 1432 bonorem
1817 1374 1936 1443 Ceteris,
1950 1395 2001 1451 que

1267 1458 1438 1519 irunientum
1457 1462 1556 1519 incolis
1572 1464 1674 1521 Atticae
1687 1463 1827 1522 diviserit.
1842 1468 1878 1523 At
1892 1464 2000 1541 (κρίνοι

1266 1567 1382 1624 quoque
1408 1548 1507 1618 adest,
1531 1550 1581 1627 qui
1602 1550 1672 1608 deus
1691 1553 1813 1629 agrestis
1837 1565 1867 1609 et
1889 1552 2000 1609 immenti

1268 1654 1349 1693 usum
1359 1650 1388 1695 et
1400 1656 1504 1695 novam
1518 1638 1682 1714 religionem
1696 1638 1793 1699 studet
1805 1652 1935 1699 evertere.
1945 1638 2000 1697 Inde

1267 1742 1369 1801 magna
1382 1726 1528 1783 contentio
1549 1728 1708 1803 insequitur
1721 1728 1797 1785 inter
1811 1741 1951 1803 utramque
1963 1746 2000 1783 re·

1268 1810 1412 1887 ligiouem,
1422 1825 1545 1871 veterem
1557 1813 1602 1871 dei
1619 1816 1738 1891 agrestis
1750 1830 1944 1892 recentemque
1955 1821 1999 1873 ι’κ-

1269 1898 1348 1955 reris.
1371 1905 1466 1971 Quum
1488 1902 1517 1958 in
1534 1922 1569 1959 eo
1592 1914 1666 1960 esset
1680 1916 1712 1959 ut
1736 1923 1809 1961 nova
1829 1916 2000 1973 everteretur,

1267 1986 1460 2063 Triptolemus
1476 1988 1566 2056 redit,
1585 2000 1615 2046 ut
1629 1990 1761 2047 defendat
1782 1991 1940 2068 religionem
1956 1994 1999 2047 Ce-

1268 2075 1347 2131 reris
1366 2076 1451 2147 Quod
1484 2089 1514 2131 ut
1538 2077 1622 2135 furiat
1646 2078 1798 2146 ellicncius,
1820 2078 1881 2135 fuse
1903 2078 2000 2153 exponit

1267 2181 1331 2236 quae
1344 2162 1480 2221 beneficia
1496 2166 1577 2222 terris
1591 2166 1727 2223 intulerit.
1742 2165 1856 2236 Quibus
1877 2164 1999 2221 rebusve

1268 2249 1430 2308 lremeutius
1442 2252 1530 2309 iratus
1544 2252 1676 2329 Cepheus
1687 2253 1759 2309 clam
1776 2253 1856 2310 illum
1879 2252 2001 2310 demedio

1266 2336 1360 2393 studet
1383 2339 1489 2396 tollere.
1502 2343 1575 2396 Tum
1594 2344 1680 2397 Ceres
1696 2360 1809 2397 rursum
1826 2342 1998 2398 interveniens

1265 2423 1380 2501 (Apollo
1392 2425 1429 2482 ub
1441 2426 1575 2501 AEschylo
1587 2440 1617 2483 et
1630 2426 1750 2506 llelplris
1762 2440 1791 2485 et
1803 2428 1919 2485 Athenis
1927 2428 1999 2483 intru-

1267 2511 1402 2589 ‹luoitur)
1431 2512 1577 2589 Cepheum
1603 2514 1753 2592 compellit
1783 2514 1882 2571 nederc
1911 2534 1999 2589 regnu

1267 2598 1344 2673 quod
1358 2598 1478 2657 traditur
1489 2600 1679 2677 Triptolemo.
1692 2606 1755 2674 Qun
1767 2602 1885 2659 victoria
1899 2600 1999 2677 partein

1266 2688 1433 2745 irremoriam
1450 2686 1584 2745 benelicii
1607 2690 1691 2747 terris
1712 2689 1796 2747 divisi
1817 2688 1951 2747 Eleusinia
1963 2688 1999 2743 in-

1265 2775 1433 2833 stituuutur.

1307 2863 1432 2939 Prologo
1444 2864 1650 2923 adscribendus
1664 2878 1707 2922 est
1724 2884 1823 2923 versus
1836 2863 1908 2943 apud
1925 2862 1999 2919 sebon.

1268 2949 1347 3007 Piud.
1362 2951 1478 3027 Olymp.
1491 2955 1529 3022 X,
1546 2972 1556 3008 1
1572 2975 1579 3008 ε
1594 2953 1729 3031 Σοφοκλῆς
1741 2953 1768 3009 lv
1781 2950 1962 3033 Τριπτολέμῳ·

1264 3088 1347 3167 [³28]
1364 3086 1422 3162 Θὲς
1439 3078 1469 3151 δ’
1482 3088 1511 3151 lv
1528 3085 1630 3179 ρρινός
1645 3078 1780 3154 dilectat
1793 3090 1862 3164 τοὺς
1875 3086 1998 3175 ιριοδςλο·
2073 3106 2074 3129 1

1923 3194 1988 3292 luat

1267 3331 1362 3389 Verba
1376 3343 1443 3388 sunt
1454 3331 1564 3388 Cereris
1576 3349 1642 3407 quae
1654 3332 1860 3410 Triptolemum
1880 3330 1935 3387 rult
1944 3327 1998 3384 dili·

1267 3433 1367 3495 genter
1380 3418 1416 3475 ad
1431 3437 1510 3474 suam
1527 3419 1685 3476 orationem
1699 3418 1859 3478 attendere.
1871 3421 1935 3476 lluic
1949 3433 1998 3470 urr-
2035 3461 2038 3469 .
2072 3445 2073 3450 .

1269 3507 1339 3564 tioni
1356 3505 1522 3564 vindicandi
1541 3525 1640 3564 versus
1662 3506 1739 3586 apud
1761 3507 1924 3582 Dionysium
1937 3503 1952 3560 Ι.
1965 3523 1999 3558 r..

1268 3595 1319 3669 qui
1332 3593 1455 3670 postilla
1468 3592 1553 3651 verba
1568 3613 1633 3669 quae
1645 3595 1849 3672 exscripsimus
1861 3595 1896 3652 in
1907 3590 1998 3669 pergit

1269 3681 1384 3761 Ἀπόχρη
1404 3679 1431 3740 δὲ
1450 3685 1533 3738 ταῦτα
1549 3679 1616 3758 μόνα
1631 3680 1757 3760 λτρδίντα
1778 3685 1831 3740 τῦν
1852 3679 1999 3756 lepirlurir

1268 3758 1305 3832 οἷς
1317 3789 1381 3847 φησι
1395 3767 1503 3845 (Ceres)

1269 3905 1351 3984 [³29]
1372 3897 1421 3970 Te
1438 3893 1467 3967 δ’
1482 3895 1616 3980 ἐξόπισθε
1632 3905 1727 3996 χειρὸς
1743 3903 1784 3982 είς
1802 3899 1842 3968 τὰ
1858 3895 1932 3978 δεξιὰ

1371 4015 1523 4106 Οἰνωτρία
1539 4042 1573 4082 τε
1591 4023 1676 4083 πᾶσα
1690 4017 1740 4083 καί
1757 4017 1927 4110 Τυρσηνικὸς

1370 4130 1482 4207 κόλποις
1497 4134 1666 4223 Λιγυστική
1680 4141 1768 4223 παγῇ
1790 4157 1822 4196 σε
1840 4123 1954 4206 δέξεται.

1266 4277 1308 4332 Εκ
1328 4273 1459 4349 Dionysii
1476 4272 1572 4331 verbis
1586 4275 1671 4331 etiarn
1695 4273 1758 4330 uliis
1782 4273 1905 4332 versibus
1917 4269 1996 4326 eaden
2069 4257 2070 4266 ’

1265 4360 1325 4418 baee
1338 4380 1472 4437 expresso
1487 4383 1547 4421 esse
1569 4363 1733 4420 concludes.
1758 4365 1828 4421 lluie
1845 4359 1997 4436 adjmueriu

1266 4467 1330 4526 quae
1342 4462 1407 4505 sunt
1418 4449 1496 4528 apud
1508 4450 1596 4508 sebol.
1609 4449 1717 4528 OEdip.
1730 4452 1791 4509 Col.
1804 4453 1858 4518 bul
1870 4471 1876 4505 :
1890 4446 1997 4524 xpum
2068 4505 2069 4520 ,

1265 4534 1341 4614 χρείη
1351 4533 1434 4604 ἔσται,
1446 4539 1513 4596 κατὰ
1522 4535 1691 4617 συναλοιφὴν,
1698 4537 1817 4618 χρῆσται
1828 4535 1928 4594 telem
1936 4529 1996 4608 revit

1266 4619 1348 4680 locat.
1366 4625 1499 4692 Δηλοῦται
1513 4622 1542 4682 δλ
1560 4623 1655 4682 euticis
1678 4625 1709 4682 τὸ
1730 4624 1832 4694 δεήσει·
1852 4623 1893 4680 καί
1907 4623 1930 4676 ἐν
1943 4619 1997 4694 Τρι·

1267 4709 1411 4790 molium·

1263 4847 1345 4932 [3³0]
1363 4849 1503 4940 Χρῆσται
1518 4840 1553 4914 δέ
1569 4852 1595 4913 τ’
1609 4841 1812 4924 ἑνθένδάὖιις
1815 4891 1906 4914 .....

1264 4977 1292 5053 (a
1304 4980 1407 5034 Veram
1422 4977 1593 5054 scripturum
1609 4997 1671 5034 esse
1686 4975 1739 5054 χρὴ
1758 4979 1844 5048 ’σιαι,
1867 4969 1962 5031 ostendi
1974 4969 1996 5022 iu

1265 5063 1454 5120 anirututioue
1491 5063 1526 5120 ud
1561 5064 1655 5122 locum
1690 5063 1809 5141 OErlipi.
1834 5090 1844 5112 ..
1874 5051 1996 5128 Druelgli

1877 5179 1993 5201 ...ι-Ἀ

1338 5260 1468 5315 (lEnotriu
1483 5260 1570 5316 ornnis
1585 5269 1614 5314 et
1627 5259 1785 5331 Tyrrhenus

1339 5338 1414 5394 sinus
1427 5339 1570 5411 solumque
1583 5338 1751 5409 Ligusticum
1766 5347 1791 5395 te
1804 5339 1917 5408 occiput-

1391 5499 1505 5568 Oportet
1520 5511 1580 5552 vero
1593 5423 1695 5552 obiici
1707 5511 1800 5552 rursus
1803 5533 1865 5552 ......
