4567 6425
848 678 1055 739 sot’floctts
1077 681 1325 743 FRAGMENTA.
1809 698 1860 746 aut

302 808 406 865 urnam
420 828 526 867 murm
541 810 606 869 latis
622 810 814 867 concessisset
829 811 913 865 Barac
932 808 1059 865 Achilles
1112 812 1232 871 reseram
1240 833 1298 872 non
1311 827 1368 871 tam
1377 815 1411 872 ad
1424 817 1654 894 Troilumipsum
1664 838 1747 894 quam
1754 818 1789 875 ad
1800 838 1863 875 sor-

302 914 392 952 rurru
407 896 561 973 fugientem
582 909 729 955 assecutus
743 894 779 954 ad
795 897 932 973 templum
946 896 1058 973 Apolli·
1111 909 1167 954 tem
1185 896 1265 957 urhis
1277 902 1439 960 interiturae.
1458 907 1639 962 Monumenta
1655 906 1780 982 autiquae
1797 905 1866 963 artis

304 984 348 1039 uis
360 982 528 1059 Thymbraei
543 985 693 1044 interiecit.
714 984 772 1043 Alii
788 996 882 1041 tamen
904 984 986 1040 aliter
1001 1003 1059 1040 rein
1110 983 1187 1042 idem
1201 988 1402 1064 comprobant.

303 1071 472 1131 tetulerunt.
492 1074 611 1131 Proclus
624 1072 792 1149 simpliciter
811 1092 846 1129 cx
861 1071 993 1146 cyclicis,
1015 1070 1059 1127 καὶ
1150 1074 1319 1135 Perdillicde
1332 1090 1375 1135 est
1386 1080 1529 1155 explicare
1544 1100 1608 1156 quae
1622 1100 1753 1157 personae
1766 1092 1869 1157 tragae-

302 1157 422 1236 Τρωΐλον
436 1158 547 1239 porsiri.
564 1160 725 1218 Scholiasta
742 1159 777 1215 ad
792 1160 873 1215 Iliad.
888 1160 1003 1229 tt,257
1021 1162 1059 1229 εὴ
1111 1158 1167 1217 diae
1186 1162 1301 1221 suerint.
1322 1170 1387 1222 Nou
1406 1179 1517 1223 constat
1532 1168 1567 1225 de
1583 1168 1709 1237 Achille;
1730 1166 1868 1225 credibile

301 1244 394 1317 διπλῆ,
407 1245 546 1305 isthmi
559 1248 677 1326 εἰρῆσθαι
688 1245 870 1325 ἱππιοχάρμην
882 1244 927 1303 τόν
940 1247 966 1304 Τ
968 1242 1060 1326 ρωΐλον
1111 1260 1155 1303 est
1175 1251 1316 1309 Priamum
1341 1254 1536 1313 introductum
1564 1274 1625 1312 esse
1650 1268 1678 1311 et
1701 1254 1867 1327 Hecubam,

300 1333 327 1389 ul
343 1331 465 1412 νεόπιροι
487 1334 527 1415 tq·
538 1332 621 1392 lacau
639 1333 797 1411 διωκόμενον
816 1333 998 1391 ὑποτίθενται·
1012 1348 1060 1401 et.
1112 1335 1230 1395 sortasse
1245 1343 1407 1412 Hectorem,
1417 1362 1500 1418 quem
1514 1342 1593 1400 aitrnt
1608 1343 1638 1399 in
1657 1344 1775 1419 antiquo
1790 1362 1867 1399 mar-

300 1419 365 1499 [ts]
380 1419 515 1479 Ἐντεῦθεν
536 1423 672 1504 Σοφοκλῆς
697 1423 724 1479 ἰν
747 1416 861 1500 Τρωΐλῳ
882 1420 962 1501 φησὶν
982 1420 1059 1478 αὐτόν
1112 1441 1192 1481 more
1208 1444 1374 1503 expressum
1393 1448 1455 1487 esse
1475 1430 1649 1487 auferentem
1672 1449 1778 1517 corpus
1801 1431 1868 1507 pul-

300 1508 442 1585 ὀχευθῆναι
451 1509 503 1567 ὑπὸ
517 1508 657 1587 Ἀχιλλέως
667 1508 762 1576 ἵππους
773 1507 936 1586 γυμνάζοντα
946 1505 1019 1586 eupli
1030 1505 1061 1565 τό
1110 1511 1245 1570 cherrimi
1255 1514 1444 1574 adolescentis
1454 1516 1535 1575 hasta
1546 1518 1681 1595 percussi.
1696 1516 1867 1593 Paedagogus

300 1595 459 1675 Θυμόραῖον
474 1596 519 1655 καὶ
542 1601 689 1657 ἀποθανεῖν.
710 1597 897 1655 Eustathius:
914 1594 967 1655 'Or
981 1617 1060 1676 paru
1111 1611 1189 1655 certe
1201 1601 1382 1659 introductus
1397 1617 1440 1661 est
1454 1616 1483 1661 et
1496 1604 1600 1661 chorus
1611 1616 1664 1661 aut
1684 1624 1719 1661 cx
1734 1603 1869 1661 sacerdu-

298 1682 398 1751 ἴππους
418 1686 500 1765 irrisa
518 1685 667 1767 Θυμόριιίῳ
687 1684 849 1762 γυμνάζοντα
867 1683 952 1763 λόγχγΙ
971 1692 1059 1742 πιοιῖν
1112 1685 1197 1756 tibus,
1211 1686 1241 1744 id
1254 1689 1333 1765 quod
1345 1692 1512 1749 Welclerus
1527 1690 1653 1768 conjicit,
1669 1692 1867 1753 auteacomi-

300 1770 354 1831 bai
374 1769 523 1851 Ἀχιλλέως.
545 1778 589 1831 Ειι
603 1774 709 1851 quibus
725 1772 887 1830 Welckerus
901 1771 973 1829 illud
985 1772 1062 1848 όχεν-
1112 1772 1190 1831 tibus
1201 1789 1263 1833 erat
1272 1778 1459 1854 compositus,
1472 1779 1522 1855 qui
1535 1779 1653 1835 sortasse
1664 1778 1705 1835 illi
1717 1778 1800 1855 [tuln
1811 1779 1869 1856 ὀρο-

301 1863 381 1928 όῆναι
395 1860 423 1916 iu
438 1861 612 1939 λογχευόῆναι
625 1863 760 1919 uisitauit.
1112 1860 1209 1938 οόγγαι
1224 1890 1246 1935 ν,
1260 1862 1479 1944 σωματοφύλακες
1491 1865 1586 1944 (Phot.
1599 1886 1627 1943 p.
1642 1867 1711 1941 674,
1725 1867 1773 1943 ao)
1785 1879 1868 1935 suut,

340 1952 511 2024 Fragmenta
530 1948 671 2025 tragedia
686 1968 751 2026 quae
765 1959 919 2025 supersunt
935 1961 964 2004 et
977 1946 1061 2005 valde
1112 1951 1162 2025 qui
1175 1950 1205 2007 iu
1218 1952 1384 2030 fragmentis
1395 1948 1600 2012 memorantui.
1613 1958 1713 2029 Neque
1722 1954 1798 2010 enim
1810 1973 1869 2008 cre·

300 2034 474 2093 tenuiasunt
482 2048 510 2094 et
518 2034 778 2113 obscurioraquam
786 2047 859 2093 utex
868 2034 902 2092 iis
909 2035 980 2093 certi
990 2034 1060 2110 quid
1112 2036 1201 2096 dibile
1215 2052 1258 2097 est
1271 2040 1400 2098 Troilum
1415 2041 1507 2097 solum
1523 2039 1609 2097 domo
1625 2039 1736 2097 exiisse.
1750 2042 1809 2096 Nec
1821 2039 1870 2097 ille

299 2127 513 2200 cruciansque
533 2123 615 2181 lacile
626 2123 656 2181 iu
667 2135 791 2181 mentem
806 2122 903 2181 venire
916 2122 1060 2181 Bcuucltiu
1112 2126 1190 2183 solus
1206 2128 1326 2204 interiit,
1343 2128 1392 2187 sed
1405 2148 1470 2185 cum
1484 2148 1520 2185 eo
1532 2132 1675 2198 Maestor,
1689 2125 1766 2203 apud
1783 2126 1869 2184 Diuo.

300 2209 425 2289 aliisque
442 2212 537 2288 potuit
562 2212 636 2270 iuter
659 2211 768 2271 fabulas
790 2211 929 2287 satyricus
954 2211 1062 2268 relerre
1113 2216 1167 2282 Xl,
1183 2233 1210 2289 p.
1228 2214 1294 2274 338.

299 2298 450 2369 Troilum,
470 2299 537 2377 q'tda
561 2320 577 2357 a
599 2300 772 2377 quibusdam
795 2320 830 2357 ex
854 2299 1061 2357 recentioribus
1155 2304 1197 2357 Du
1214 2304 1424 2379 compositione
1438 2302 1581 2380 tragoediae
1595 2301 1665 2359 nihil
1680 2313 1800 2359 coastat.
1815 2300 1868 2358 Vi·

299 2387 495 2463 scriptoribus
509 2387 634 2446 Arhilles
645 2407 742 2445 amore
756 2388 839 2465 pueri
855 2400 957 2464 captus
976 2386 1062 2443 larissa
1113 2388 1197 2445 detur
1207 2401 1299 2447 tatrrcu
1311 2390 1392 2447 initio
1405 2390 1576 2468 paedagogus
1590 2388 1797 2445 adolescentem
1808 2400 1871 2444 stu-

300 2474 437 2531 traditur.
448 2476 579 2545 Quorum
594 2475 710 2551 iugenio
721 2494 895 2551 quamquam
907 2493 964 2531 non
979 2471 1063 2530 dubi·
1115 2474 1164 2531 dio
1176 2494 1315 2551 equorum
1343 2479 1448 2556 elatum
1476 2478 1635 2546 monuisse,
1665 2490 1698 2533 ut
1724 2474 1762 2533 ab
1789 2475 1870 2533 hoste

299 2560 425 2618 tandum
434 2576 477 2619 est
487 2563 557 2639 quin
570 2563 625 2619 hoc
636 2563 782 2619 inventum
796 2561 952 2631 debeatur,
967 2574 1060 2617 tamen
1115 2577 1246 2633 caveret,
1263 2578 1291 2622 et
1306 2577 1338 2621 ut
1359 2565 1441 2623 iidem
1454 2565 1481 2620 in
1493 2564 1574 2622 illum
1590 2562 1767 2634 ostenderet,
1783 2564 1870 2621 vitam

300 2668 363 2705 oon
384 2661 429 2707 cst
444 2648 636 2727 improbabile
651 2650 725 2707 inter
740 2661 838 2706 vetera
858 2648 924 2717 illa,
945 2667 1009 2724 quae
1026 2646 1063 2705 de
1115 2670 1245 2709 narrasse
1259 2672 1347 2709 suam.
1360 2657 1422 2711 Hoc
1433 2652 1606 2729 exprimitur
1620 2649 1780 2726 fragmento
1794 2636 1870 2727 apud

298 2736 404 2793 Troilo
417 2736 624 2808 narrabantur,
638 2737 724 2795 luisse
741 2735 886 2812 quaedam,
906 2754 943 2793 cx
959 2734 1063 2811 quibus
1116 2739 1223 2797 Pollae.
1235 2744 1274 2811 X,
1293 2740 1346 2796 165
1361 2764 1367 2797 :
1382 2738 1482 2821 Eiquuc
1496 2738 1523 2797 ll
1533 2735 1708 2815 όνομαόοιιιιν
1721 2726 1788 2795 εἶναι
1806 2740 1869 2817 βαρ.

300 2825 332 2881 id
349 2836 537 2905 repeteretur.
551 2830 651 2901 ltaque
665 2824 800 2901 conjicias
813 2822 986 2899 Sophoclem
1003 2823 1064 2879 lor·
1116 2824 1255 2905 όαρικὸνὴ
1271 2826 1388 2904 excipi,
1403 2825 1565 2908 Σοφοκλόους
1578 2824 1694 2890 εἰπόντος
1703 2826 1729 2883 ἐν
1743 2826 1871 2904 Τρωίλῳ·

301 2925 380 2975 tasse
395 2912 619 2990 pulcherrimum
631 2931 754 2990 puerum
766 2912 803 2969 ab
816 2910 925 2967 Achille
934 2910 1067 2986 deplora·

301 3016 443 3064 tumesse
456 3003 612 3079 scripsisse.
628 3002 699 3060 lude
713 3021 784 3057 veru
793 3013 890 3079 poetae
902 3000 1014 3077 egregia
1028 3000 1064 3056 ad
1089 3039 1093 3085 Ι

302 3090 472 3152 ornandam.
496 3089 661 3168 tragoediam
684 3091 857 3168 suppetebat
877 3090 1016 3161 materia,
1040 3091 1064 3147 si
1117 3091 1235 3150 Hecuba
1242 3092 1327 3169 jussit
1339 3092 1417 3147 illum
1428 3090 1555 3159 castrari,
1563 3100 1594 3145 ut
1603 3106 1693 3165 puero
1704 3084 1874 3164 paedagogus

304 3181 403 3238 victor
414 3200 536 3258 puerum
551 3179 671 3239 canibus
685 3198 743 3236 uon
756 3179 880 3256 objecit,
894 3178 986 3236 sedin
999 3198 1065 3236 eum
1117 3180 1186 3238 addi
1209 3191 1316 3259 posset.
1331 3176 1441 3237 Deinde
1466 3176 1561 3235 eidem
1585 3172 1786 3234 vindicandum
1809 3192 1875 3230 ver-

303 3269 565 3328 ‹·ontulitmunera
580 3287 676 3344 quaa
691 3269 760 3324 solis
775 3265 941 3344 parentibus
954 3279 983 3323 et
995 3285 1066 3342 pro·
1119 3269 1188 3326 bum
1209 3266 1246 3325 ab
1263 3267 1408 3342 Hesychia
1433 3263 1792 3339 mllpaiauctservatum,
1818 3278 1876 3335 quo

303 3356 427 3433 pinquis
440 3357 599 3432 exspectari
611 3367 752 3433 poterant.
1120 3375 1243 3436 puerum
1262 3354 1405 3414 admonet¹
1416 3373 1452 3411 ue
1465 3353 1501 3410 ad
1519 3350 1658 3408 Achillem
1675 3347 1811 3414 accedat,
1825 3345 1874 3421 qui

346 3446 463 3500 nocent
491 3443 652 3501 scholiastae
675 3442 711 3500 ad
739 3442 879 3518 templum
903 3436 1086 3516 Thymbraei'
1120 3447 1201 3503 illum
1230 3444 1267 3502 sit
1289 3439 1536 3517 occisurus:[8l]
1555 3437 1732 3516 «ciprinum»
1756 3432 1809 3491 ἀπὸ
1830 3437 1877 3500 τῆς

304 3531 473 3608 Apollinis,
489 3550 548 3607 quo
559 3531 674 3589 Troilus
686 3529 912 3588 exercendorum
928 3547 1068 3605 equomm
1121 3531 1245 3610 ἀμήοιυις
1265 3529 1343 3596 οἱονεὶ
1368 3527 1467 3610 σφάξει.
1491 3529 1524 3586 Σ.
1545 3519 1669 3604 Τρωΐλῳ.
1682 3521 1838 3582 interficiet
1850 3533 1877 3576 to
1893 3515 1897 3538 ¹

303 3639 396 3680 “¹¹⁵³
412 3639 443 3678 ὅθ
456 3619 629 3689 ⁰0¹¹l¹¹¹ssfllr
650 3637 773 3696 Puerum
792 3637 856 3676 ⁰⁸⁵²
878 3618 1069 3675 intersectum·
1122 3620 1245 3680 Achilles
1263 3619 1287 3676 si
1309 3637 1326 3676 a
1345 3617 1453 3694 templo
1476 3613 1600 3672 recedes.
1622 3617 1688 3670 Nun
1706 3609 1797 3669 audiit
1818 3607 1874 3664 ille.

303 3709 354 3771 lbi
375 3719 452 3765 tutus
469 3706 506 3764 ab
517 3707 600 3765 hoste
613 3727 673 3764 esse
684 3716 805 3782 poterat,
814 3705 883 3781 quia
894 3705 1069 3762 suciilocum
1121 3715 1249 3767 Ornatur
1275 3718 1303 3762 et
1327 3705 1476 3780 inungitur
1501 3701 1666 3760 adolescens
1691 3695 1874 3773 ἱππιοχάρμης

304 3795 474 3859 mrrrricrant
484 3794 582 3873 (Iliad.
598 3796 643 3864 ll,
664 3794 747 3870 aso).
766 3792 876 3851 Eodem
892 3792 957 3850 loco
971 3792 1071 3850 Achil·
1121 3795 1203 3853 lliad.
1214 3795 1255 3862 ll,
1270 3793 1337 3863 257.
1351 3790 1525 3867 llcsychius:
1538 3787 1600 3862 [82]
1617 3787 1771 3844 νόλοιοῦται
1783 3779 1879 3861 lpllst'

306 3885 350 3941 les
370 3883 467 3960 periit
481 3887 610 3960 Uterque
632 3895 728 3939 tutuur
745 3900 776 3940 sc
796 3880 857 3938 iore
876 3878 1011 3957 prasidio
1025 3879 1070 3937 dei
1123 3885 1156 3942 Σ,
1165 3876 1287 3962 Ἰ’ρωΐλῳ.
1300 3877 1467 3960 Ἀρίσταρχος
1478 3879 1642 3957 ῥυπαίνεται·
1657 3871 1757 3950 βιλιιον
1766 3867 1793 3928 δὲ
1804 3871 1878 3943 λαμ-

303 3965 1072 4052 sperauit,justiusTroilus‚quemabApollineada-
1123 3973 1262 4050 πρόηται·
1301 3985 1395 4043 neque
1416 3977 1458 4023 est
1482 3967 1662 4031 inarmatus3
1700 3977 1763 4015 nam
1793 3955 1880 4014 hahet

305 4071 422 4117 rrrsrtum
438 4058 592 4136 scriptores
606 4057 782 4133 antiquiores
796 4054 964 4111 retulerunt.
974 4056 1070 4110 lucer·
1124 4057 1187 4136 [33]
1206 4053 1293 4136 «ἕρκη
1304 4100 1312 4126 ‚
1325 4080 1338 4104 ι
1351 4051 1440 4122 ὅπλα,
1464 4053 1496 4110 Σ.
1516 4047 1643 4131 Τρωΐλον.
1665 4045 1787 4122 Hesych.
1806 4047 1880 4101 Tor-

305 4161 375 4202 tunt
402 4156 499 4203 tamen
522 4157 581 4217 est,
600 4144 881 4222 quoiulocopoeta
897 4160 942 4198 res
961 4140 991 4197 iu
1012 4153 1072 4197 tta·
1126 4159 1200 4202 tasse
1222 4145 1278 4201 huc
1292 4141 1471 4200 referendum
1485 4139 1540 4196 hoc
1552 4159 1599 4215 ap.
1610 4136 1693 4196 Phot.
1706 4155 1737 4212 p.
1754 4133 1857 4206 4973

303 4232 410 4308 goedia
424 4245 500 4290 aetas
520 4233 657 4309 posuerit.
669 4232 699 4288 Si
711 4230 837 4288 Achilles
851 4230 926 4286 inter
937 4247 1074 4306 personas
1126 4229 1188 4314 [84]
1202 4260 1212 4282 tt
1224 4228 1430 4309 Σαοδιρμίιης,
1444 4253 1456 4278 ι
1471 4228 1502 4287 Σ,
1515 4217 1647 4304 Τρωίλῳ·
1661 4223 1685 4280 οἱ
1700 4219 1747 4298 μὶν
1758 4221 1802 4278 τὸν
1813 4217 1879 4298 ipo,

306 4321 433 4390 luisset,
447 4321 539 4378 multo
554 4319 664 4377 facilior
686 4331 761 4378 esset
783 4315 964 4392 conjectura;
983 4315 1029 4372 vel
1050 4315 1074 4371 si
1126 4324 1150 4378 οἱ
1172 4319 1199 4377 δὲ
1216 4316 1341 4386 σκώληκα
1361 4317 1394 4372 τὰ
1417 4314 1534 4393 hippotes
1548 4310 1701 4370 διιαθίοντα.
1721 4304 1882 4384 Ἄμιινονδλ

305 4419 433 4470 certum
441 4421 529 4476 essct,
542 4407 571 4464 id
585 4406 664 4484 quod
681 4407 721 4464 ait
735 4389 901 4463 Welcltcrus
910 4447 919 4473 ,
929 4423 965 4460 ex
979 4421 1074 4460 sacer·
1126 4409 1169 4466 2¹02
1182 4403 1387 4486 ἐπὶτῷδίρμαςι
1397 4399 1496 4480 χαλκὸν
1510 4397 1614 4478 ἔχοντα,
1623 4397 1684 4476 παρ’
1696 4393 1756 4454 όοον
1768 4393 1801 4454 ελ
1813 4392 1883 4464 crixo

305 4495 436 4554 dotibus
455 4497 576 4554 chorum
599 4494 782 4562 constitisse,
805 4513 864 4550 nou
885 4489 1076 4549 dubitandum
1128 4495 1268 4574 ἐπίχαλκοι.
1288 4489 1391 4567 (Coul.
1409 4489 1530 4565 llesyrh.
1551 4507 1597 4542 vv.
1620 4481 1832 4562 Σοιιοδιρμιοτής
1856 4493 1885 4538 et

306 4597 412 4655 essct,
424 4585 494 4661 quain
509 4584 604 4641 omnia
617 4581 654 4640 ad
666 4581 805 4658 templum
818 4591 960 4638 transacta
969 4591 1072 4638 eueut.
1128 4579 1295 4662 Διρμιοτής.)
1309 4577 1421 4651 Quibus
1433 4577 1580 4634 transactis
1589 4573 1710 4631 nuncius
1719 4569 1885 4630 intervenit.

306 4673 388 4732 ludo
412 4671 499 4729 etiam
523 4669 678 4728 divinando
706 4669 811 4727 rectius
835 4685 1074 4744 assequeremur,
1128 4673 1178 4748 qui
1191 4687 1254 4746 quas
1269 4679 1330 4725 acta
1344 4667 1400 4724 sint
1415 4677 1481 4744 post
1498 4664 1654 4722 discessum
1668 4659 1757 4716 Troili
1779 4656 1865 4714 refert
1876 4667 1892 4726 ‚⁶

304 4759 498 4840 quidsuisset
508 4760 586 4837 quod
600 4770 684 4836 poeta
696 4756 876 4834 exposuisset
887 4754 917 4810 iu
929 4750 1077 4830 uagoedia-
1130 4759 1184 4816 nisi
1199 4756 1263 4834 quis
1276 4754 1461 4831 paedagogum
1475 4750 1582 4808 redisse
1595 4760 1677 4826 putet
1692 4746 1741 4820 qui
1756 4745 1886 4802 Troilum

306 4857 448 4925 Apum!
471 4861 563 4904 limen
586 4858 680 4903 morie
703 4843 786 4919 pueri
811 4839 977 4919 lrflssoedlssm
1002 4839 1077 4896 finiri
1129 4847 1309 4905 interiectum
1322 4834 1687 4912 esseindicet.ldestapud
1702 4829 1887 4892 scholPind.

306 4955 379 4994 non
402 4935 541 5012 potuisse.
565 4937 634 4992 Erat
657 4929 842 4990 redimendus
864 4929 932 4997 ille,
958 4929 1079 4984 lortassc
1129 4935 1213 5010 Pyrh.
1227 4935 1265 4998 ΙΙ,
1282 4950 1329 4986 rar
1351 4949 1358 4988 :
1375 4927 1510 5006 Σοφοκλῆς
1524 4923 1566 4984 lul
1578 4929 1623 4982 τοῦ
1635 4924 1660 4982 Τ
1663 4919 1776 5000 ρυΐλου,

305 5017 722 5098 lamentandussepelieadus.
732 5017 939 5076 lamentationi
947 5033 1077 5092 maguam

308 5123 431 5190 partem
447 5107 591 5185 tragedias
611 5107 814 5184 adscripserim
833 5105 862 5162 iu
878 5103 1013 5170 homine,
1029 5101 1078 5178 qui
1633 5175 1639 5186 ·
1865 5165 1871 5181 Δ

306 5195 399 5256 nialla
415 5213 447 5252 re
466 5195 520 5252 uisi
536 5206 627 5252 morte
648 5193 768 5272 insignis
787 5191 861 5266 loit;
881 5188 932 5248 sed
958 5189 1079 5267 plurima
1133 5182 1318 5246 Blumlreldus
1349 5177 1485 5248 δεσπότην.
1519 5176 1677 5252 llcsycluus
1706 5196 1713 5228 ε
1745 5199 1757 5224 ι
1783 5169 1887 5248 ’hripu-

1116 2955 1179 3040 [80]
1191 2952 1315 3045 Σκαλμῇ
1321 2950 1378 3047 γὰρ
1386 2954 1481 3045 ὄρχεις
1489 2952 1606 3037 βασιλὶς
1612 2953 1872 3041 ἐκτεμοῦο’ἐμοός.

1129 5064 1192 5142 [8⁵]
1207 5061 1268 5130 Thr
1282 5045 1475 5148 όνδρόπαιόα
1491 5045 1643 5126 δεσπότης
1660 5047 1812 5112 ἀπώλεσα.

678 5377 722 5424 80.
1491 5361 1535 5411 85.

307 5451 431 5514 sealm
442 5449 516 5506 euim
528 5449 668 5507 mimarios
681 5450 772 5522 regina
785 5463 912 5505 exsecans
924 5463 1007 5504 rueus.
1138 5447 1256 5500 Puerum
1271 5439 1340 5496 virili
1354 5439 1445 5492 antur>
1456 5435 1584 5490 tlonriuus
1597 5431 1684 5487 arrisi.
