<?xml version="1.0" encoding="UTF-8"?>
<!DOCTYPE html PUBLIC "-//W3C//DTD XHTML 1.0 Transitional//EN"
    "http://www.w3.org/TR/xhtml1/DTD/xhtml1-transitional.dtd">
<html xmlns="http://www.w3.org/1999/xhtml" xml:lang="en" lang="en">
 <head>
  <title>
</title>
<meta http-equiv="Content-Type" content="text/html;charset=utf-8" />
  <meta name='ocr-system' content='tesseract 3.04.00' />
  <meta name='ocr-capabilities' content='ocr_page ocr_carea ocr_par ocr_line ocrx_word'/>
</head>
<body>
  <div class='ocr_page' id='page_1' title='image "./schylietsophocl00sophgoog/schylietsophocl00sophgoog_0642.png"; bbox 0 0 4567 6425; ppageno 0'>
   <div class='ocr_carea' id='block_1_1' title="bbox 448 778 506 830">
    <p class='ocr_par' dir='ltr' id='par_1_1' title="bbox 448 778 506 830">
     <span class='ocr_line' id='line_1_1' title="bbox 448 778 506 830; baseline 0.052 -3"><span class='ocrx_word' id='word_1_1' title='bbox 448 778 506 830; x_wconf 69' lang='lat'><strong>2⁰⁰</strong></span> 
     </span>
    </p>
   </div>
   <div class='ocr_carea' id='block_1_2' title="bbox 994 726 1472 806">
    <p class='ocr_par' dir='ltr' id='par_1_2' title="bbox 994 726 1472 806">
     <span class='ocr_line' id='line_1_2' title="bbox 994 726 1472 806; baseline -0.029 0"><span class='ocrx_word' id='word_1_2' title='bbox 994 741 1203 806; x_wconf 76' lang='lat' dir='ltr'><strong>sorfloetts</strong></span> <span class='ocrx_word' id='word_1_3' title='bbox 1223 726 1472 797; x_wconf 76' lang='lat' dir='ltr'><strong>FRAGMENTA.</strong></span> 
     </span>
    </p>
   </div>
   <div class='ocr_carea' id='block_1_3' title="bbox 450 863 1989 976">
    <p class='ocr_par' dir='ltr' id='par_1_3' title="bbox 450 863 1989 976">
     <span class='ocr_line' id='line_1_3' title="bbox 450 863 1989 976; baseline -0.025 -16"><span class='ocrx_word' id='word_1_4' title='bbox 450 902 536 969; x_wconf 90' lang='lat' dir='ltr'><strong>diam,</strong></span> <span class='ocrx_word' id='word_1_5' title='bbox 550 907 704 976; x_wconf 87' lang='lat' dir='ltr'><strong>postquam</strong></span> <span class='ocrx_word' id='word_1_6' title='bbox 718 888 766 949; x_wconf 80' lang='lat' dir='ltr'><strong>illa</strong></span> <span class='ocrx_word' id='word_1_7' title='bbox 783 884 854 943; x_wconf 87' lang='lat' dir='ltr'><strong>abiit</strong></span> <span class='ocrx_word' id='word_1_8' title='bbox 883 878 1073 957; x_wconf 84' lang='lat' dir='ltr'><strong>ltaquehunc</strong></span> <span class='ocrx_word' id='word_1_9' title='bbox 1090 888 1207 952; x_wconf 87' lang='lat' dir='ltr'><strong>quoque</strong></span> <span class='ocrx_word' id='word_1_10' title='bbox 1252 867 1321 926; x_wconf 91' lang='lat' dir='ltr'><strong>bula</strong></span> <span class='ocrx_word' id='word_1_11' title='bbox 1330 866 1409 936; x_wconf 85' lang='lat' dir='ltr'><strong>Attii,</strong></span> <span class='ocrx_word' id='word_1_12' title='bbox 1421 884 1507 943; x_wconf 89' lang='lat' dir='ltr'><strong>quem</strong></span> <span class='ocrx_word' id='word_1_13' title='bbox 1518 877 1618 942; x_wconf 91' lang='lat' dir='ltr'><strong>putaut</strong></span> <span class='ocrx_word' id='word_1_14' title='bbox 1628 863 1791 943; x_wconf 86' lang='lat' dir='ltr'><strong>Sophoclis,</strong></span> <span class='ocrx_word' id='word_1_15' title='bbox 1803 882 1863 921; x_wconf 89' lang='lat' dir='ltr'><strong>uon</strong></span> <span class='ocrx_word' id='word_1_16' title='bbox 1874 864 1989 939; x_wconf 77' lang='lat' dir='ltr'><strong>AEsthyli,</strong></span> 
     </span>
    </p>
   </div>
   <div class='ocr_carea' id='block_1_4' title="bbox 451 963 1095 1047">
    <p class='ocr_par' dir='ltr' id='par_1_4' title="bbox 451 963 1095 1047">
     <span class='ocr_line' id='line_1_4' title="bbox 451 963 1095 1047; baseline -0.043 0"><span class='ocrx_word' id='word_1_17' title='bbox 451 991 544 1047; x_wconf 89' lang='lat' dir='ltr'><strong>locum</strong></span> <span class='ocrx_word' id='word_1_18' title='bbox 555 1005 572 1043; x_wconf 90' lang='lat' dir='ltr'><strong>a</strong></span> <span class='ocrx_word' id='word_1_19' title='bbox 586 979 712 1041; x_wconf 81' lang='lat' dir='ltr'><strong>Pacuvio</strong></span> <span class='ocrx_word' id='word_1_20' title='bbox 724 978 904 1033; x_wconf 88' lang='lat' dir='ltr'><strong>immutatum</strong></span> <span class='ocrx_word' id='word_1_21' title='bbox 916 963 1095 1026; x_wconf 80' lang='lat' dir='ltr'>crediderim.</span> 
     </span>
    </p>
   </div>
   <div class='ocr_carea' id='block_1_5' title="bbox 762 1116 892 1136">
    <p class='ocr_par' dir='ltr' id='par_1_5' title="bbox 762 1116 892 1136">
     <span class='ocr_line' id='line_1_5' title="bbox 762 1116 892 1136; baseline -0.015 -1"><span class='ocrx_word' id='word_1_22' title='bbox 762 1116 892 1136; x_wconf 53' lang='lat' dir='ltr'><strong>anco,-</strong></span> 
     </span>
    </p>
   </div>
   <div class='ocr_carea' id='block_1_6' title="bbox 725 1213 937 1283">
    <p class='ocr_par' dir='ltr' id='par_1_6' title="bbox 725 1213 937 1283">
     <span class='ocr_line' id='line_1_6' title="bbox 725 1213 937 1283; baseline -0.033 -3"><span class='ocrx_word' id='word_1_23' title='bbox 725 1213 937 1283; x_wconf 79' lang='lat' dir='ltr'><strong>EURYALUS.</strong></span> 
     </span>
    </p>
   </div>
   <div class='ocr_carea' id='block_1_7' title="bbox 455 1332 1211 1514">
    <p class='ocr_par' dir='ltr' id='par_1_7' title="bbox 455 1332 1211 1514">
     <span class='ocr_line' id='line_1_7' title="bbox 493 1332 1210 1420; baseline -0.04 -2"><span class='ocrx_word' id='word_1_24' title='bbox 493 1363 742 1417; x_wconf 73' lang='lat' dir='ltr'><strong>Commemoratur</strong></span> <span class='ocrx_word' id='word_1_25' title='bbox 762 1343 902 1420; x_wconf 75' lang='lat' dir='ltr'><strong>Euryalus</strong></span> <span class='ocrx_word' id='word_1_26' title='bbox 925 1336 1078 1415; x_wconf 76' lang='lat' dir='ltr'><strong>Sophoclis</strong></span> <span class='ocrx_word' id='word_1_27' title='bbox 1100 1332 1137 1391; x_wconf 89' lang='lat' dir='ltr'><strong>ab</strong></span> <span class='ocrx_word' id='word_1_28' title='bbox 1153 1350 1210 1390; x_wconf 91' lang='lat' dir='ltr'><strong>uno</strong></span> 
     </span>
     <span class='ocr_line' id='line_1_8' title="bbox 455 1418 1211 1514; baseline -0.04 -9"><span class='ocrx_word' id='word_1_29' title='bbox 455 1443 608 1505; x_wconf 83' lang='lat' dir='ltr'><strong>Parthenio</strong></span> <span class='ocrx_word' id='word_1_30' title='bbox 630 1459 692 1514; x_wconf 90' lang='lat' dir='ltr'><strong>cap.</strong></span> <span class='ocrx_word' id='word_1_31' title='bbox 713 1438 770 1503; x_wconf 85' lang='lat'><strong>111,</strong></span> <span class='ocrx_word' id='word_1_32' title='bbox 784 1432 868 1508; x_wconf 83' lang='lat' dir='ltr'><strong>cujus</strong></span> <span class='ocrx_word' id='word_1_33' title='bbox 888 1425 1040 1503; x_wconf 76' lang='lat' dir='ltr'><strong>inscriptio</strong></span> <span class='ocrx_word' id='word_1_34' title='bbox 1056 1435 1122 1481; x_wconf 83' lang='lat' dir='ltr'><strong>est:</strong></span> <span class='ocrx_word' id='word_1_35' title='bbox 1146 1418 1211 1497; x_wconf 78' lang='grc' dir='ltr'>Περὶ</span> 
     </span>
    </p>
   </div>
   <div class='ocr_carea' id='block_1_8' title="bbox 423 1506 1222 2901">
    <p class='ocr_par' dir='ltr' id='par_1_8' title="bbox 423 1506 1222 2901">
     <span class='ocr_line' id='line_1_9' title="bbox 458 1506 1212 1601; baseline -0.037 -11"><span class='ocrx_word' id='word_1_36' title='bbox 458 1532 586 1599; x_wconf 79' lang='grc' dir='ltr'>Εὐίππης.</span> <span class='ocrx_word' id='word_1_37' title='bbox 601 1524 710 1601; x_wconf 65' lang='grc' dir='ltr'>Ἱστορεῖ</span> <span class='ocrx_word' id='word_1_38' title='bbox 730 1520 868 1599; x_wconf 59' lang='grc' dir='ltr'>Σοφοκλῆς</span> <span class='ocrx_word' id='word_1_39' title='bbox 884 1513 1020 1595; x_wconf 77' lang='grc' dir='ltr'><strong>Εὐρυάλῳ.</strong></span> <span class='ocrx_word' id='word_1_40' title='bbox 1031 1509 1160 1567; x_wconf 88' lang='lat' dir='ltr'><strong>Victoria</strong></span> <span class='ocrx_word' id='word_1_41' title='bbox 1175 1506 1212 1563; x_wconf 91' lang='lat' dir='ltr'><strong>de</strong></span> 
     </span>
     <span class='ocr_line' id='line_1_10' title="bbox 456 1596 1213 1697; baseline -0.037 -18"><span class='ocrx_word' id='word_1_42' title='bbox 456 1620 551 1697; x_wconf 88' lang='lat' dir='ltr'><strong>procis</strong></span> <span class='ocrx_word' id='word_1_43' title='bbox 577 1623 724 1692; x_wconf 85' lang='lat' dir='ltr'><strong>reportata</strong></span> <span class='ocrx_word' id='word_1_44' title='bbox 742 1608 862 1678; x_wconf 87' lang='lat' dir='ltr'><strong>Ulixes,</strong></span> <span class='ocrx_word' id='word_1_45' title='bbox 876 1615 908 1661; x_wconf 92' lang='lat' dir='ltr'><strong>ut</strong></span> <span class='ocrx_word' id='word_1_46' title='bbox 925 1600 1049 1659; x_wconf 91' lang='lat' dir='ltr'><strong>oraculis</strong></span> <span class='ocrx_word' id='word_1_47' title='bbox 1067 1596 1213 1655; x_wconf 79' lang='lat' dir='ltr'><strong>satisfece-</strong></span> 
     </span>
     <span class='ocr_line' id='line_1_11' title="bbox 458 1683 1213 1778; baseline -0.033 -15"><span class='ocrx_word' id='word_1_48' title='bbox 458 1719 518 1777; x_wconf 86' lang='lat' dir='ltr'><strong>ret,</strong></span> <span class='ocrx_word' id='word_1_49' title='bbox 533 1706 562 1761; x_wconf 93' lang='lat' dir='ltr'><strong>in</strong></span> <span class='ocrx_word' id='word_1_50' title='bbox 585 1702 705 1778; x_wconf 91' lang='lat' dir='ltr'><strong>Epirum</strong></span> <span class='ocrx_word' id='word_1_51' title='bbox 727 1694 799 1753; x_wconf 89' lang='lat' dir='ltr'><strong>abiit</strong></span> <span class='ocrx_word' id='word_1_52' title='bbox 813 1692 850 1750; x_wconf 92' lang='lat' dir='ltr'><strong>ad</strong></span> <span class='ocrx_word' id='word_1_53' title='bbox 866 1685 1034 1767; x_wconf 83' lang='lat' dir='ltr'><strong>Tyrimnem</strong></span> <span class='ocrx_word' id='word_1_54' title='bbox 1052 1683 1213 1760; x_wconf 75' lang='lat' dir='ltr'><strong>hospitem,</strong></span> 
     </span>
     <span class='ocr_line' id='line_1_12' title="bbox 456 1772 1214 1868; baseline -0.037 -15"><span class='ocrx_word' id='word_1_55' title='bbox 456 1814 491 1853; x_wconf 90' lang='lat' dir='ltr'><strong>ex</strong></span> <span class='ocrx_word' id='word_1_56' title='bbox 499 1790 581 1868; x_wconf 88' lang='lat' dir='ltr'><strong>cujus</strong></span> <span class='ocrx_word' id='word_1_57' title='bbox 590 1789 647 1846; x_wconf 86' lang='lat' dir='ltr'><strong>lilia</strong></span> <span class='ocrx_word' id='word_1_58' title='bbox 657 1785 770 1863; x_wconf 77' lang='lat' dir='ltr'><strong>Euippe</strong></span> <span class='ocrx_word' id='word_1_59' title='bbox 778 1781 933 1856; x_wconf 76' lang='lat' dir='ltr'><strong>Euryalum</strong></span> <span class='ocrx_word' id='word_1_60' title='bbox 942 1772 1116 1852; x_wconf 84' lang='lat' dir='ltr'><strong>procreavit.</strong></span> <span class='ocrx_word' id='word_1_61' title='bbox 1129 1774 1214 1828; x_wconf 78' lang='lat' dir='ltr'><strong>Hunc</strong></span> 
     </span>
     <span class='ocr_line' id='line_1_13' title="bbox 457 1858 1214 1950; baseline -0.033 -13"><span class='ocrx_word' id='word_1_62' title='bbox 457 1881 586 1939; x_wconf 79' lang='lat' dir='ltr'><strong>adultum</strong></span> <span class='ocrx_word' id='word_1_63' title='bbox 607 1874 721 1950; x_wconf 88' lang='lat' dir='ltr'><strong>Euippa</strong></span> <span class='ocrx_word' id='word_1_64' title='bbox 733 1883 823 1931; x_wconf 86' lang='lat' dir='ltr'><strong>mater</strong></span> <span class='ocrx_word' id='word_1_65' title='bbox 842 1885 908 1924; x_wconf 84' lang='lat' dir='ltr'><strong>cunt</strong></span> <span class='ocrx_word' id='word_1_66' title='bbox 923 1858 1095 1940; x_wconf 83' lang='lat' dir='ltr'><strong>quibusdam</strong></span> <span class='ocrx_word' id='word_1_67' title='bbox 1109 1859 1214 1936; x_wconf 78' lang='lat' dir='ltr'><strong>signis,</strong></span> 
     </span>
     <span class='ocr_line' id='line_1_14' title="bbox 458 1946 1216 2045; baseline -0.034 -20"><span class='ocrx_word' id='word_1_68' title='bbox 458 1968 564 2045; x_wconf 91' lang='lat' dir='ltr'><strong>quibus</strong></span> <span class='ocrx_word' id='word_1_69' title='bbox 586 1976 696 2042; x_wconf 90' lang='lat' dir='ltr'><strong>patrem</strong></span> <span class='ocrx_word' id='word_1_70' title='bbox 715 1966 899 2037; x_wconf 86' lang='lat' dir='ltr'><strong>agnosceret,</strong></span> <span class='ocrx_word' id='word_1_71' title='bbox 919 1954 947 2009; x_wconf 92' lang='lat' dir='ltr'><strong>in</strong></span> <span class='ocrx_word' id='word_1_72' title='bbox 965 1949 1093 2008; x_wconf 86' lang='lat' dir='ltr'><strong>Ithncam</strong></span> <span class='ocrx_word' id='word_1_73' title='bbox 1116 1946 1216 2017; x_wconf 73' lang='lat' dir='ltr'><strong>misit,</strong></span> 
     </span>
     <span class='ocr_line' id='line_1_15' title="bbox 459 2034 1217 2133; baseline -0.032 -21"><span class='ocrx_word' id='word_1_74' title='bbox 459 2074 549 2133; x_wconf 88' lang='lat' dir='ltr'><strong>quum</strong></span> <span class='ocrx_word' id='word_1_75' title='bbox 571 2062 666 2109; x_wconf 87' lang='lat' dir='ltr'><strong>autem</strong></span> <span class='ocrx_word' id='word_1_76' title='bbox 692 2066 760 2104; x_wconf 91' lang='lat' dir='ltr'><strong>casu</strong></span> <span class='ocrx_word' id='word_1_77' title='bbox 786 2042 897 2100; x_wconf 82' lang='lat' dir='ltr'><strong>abesset</strong></span> <span class='ocrx_word' id='word_1_78' title='bbox 914 2037 1046 2105; x_wconf 79' lang='lat' dir='ltr'><strong>Ulixes,</strong></span> <span class='ocrx_word' id='word_1_79' title='bbox 1072 2034 1217 2110; x_wconf 79' lang='lat' dir='ltr'><strong>Penelope</strong></span> 
     </span>
     <span class='ocr_line' id='line_1_16' title="bbox 460 2135 1217 2219; baseline -0.033 -17"><span class='ocrx_word' id='word_1_80' title='bbox 460 2163 558 2202; x_wconf 78' lang='lat' dir='ltr'><strong>rrrnore</strong></span> <span class='ocrx_word' id='word_1_81' title='bbox 572 2142 692 2219; x_wconf 80' lang='lat' dir='ltr'><strong>Euippae</strong></span> <span class='ocrx_word' id='word_1_82' title='bbox 705 2135 821 2213; x_wconf 82' lang='lat' dir='ltr'><strong>cognito</strong></span> <span class='ocrx_word' id='word_1_83' title='bbox 836 2136 970 2188; x_wconf 86' lang='lat' dir='ltr'><strong>maritum</strong></span> <span class='ocrx_word' id='word_1_84' title='bbox 986 2143 1132 2182; x_wconf 83' lang='lat' dir='ltr'><strong>reversum</strong></span> <span class='ocrx_word' id='word_1_85' title='bbox 1149 2142 1217 2199; x_wconf 87' lang='lat' dir='ltr'><strong>per-</strong></span> 
     </span>
     <span class='ocr_line' id='line_1_17' title="bbox 461 2212 1216 2302; baseline -0.03 -14"><span class='ocrx_word' id='word_1_86' title='bbox 461 2232 569 2302; x_wconf 84' lang='lat' dir='ltr'><strong>movit,</strong></span> <span class='ocrx_word' id='word_1_87' title='bbox 598 2241 630 2286; x_wconf 91' lang='lat' dir='ltr'><strong>ut</strong></span> <span class='ocrx_word' id='word_1_88' title='bbox 653 2223 808 2300; x_wconf 78' lang='lat' dir='ltr'><strong>Euryalum</strong></span> <span class='ocrx_word' id='word_1_89' title='bbox 833 2218 1014 2276; x_wconf 68' lang='lat' dir='ltr'><strong>interficeres</strong></span> <span class='ocrx_word' id='word_1_90' title='bbox 1037 2212 1167 2269; x_wconf 86' lang='lat' dir='ltr'><strong>Eustuth.</strong></span> <span class='ocrx_word' id='word_1_91' title='bbox 1189 2230 1216 2287; x_wconf 88' lang='lat' dir='ltr'><strong>p.</strong></span> 
     </span>
     <span class='ocr_line' id='line_1_18' title="bbox 467 2300 1217 2397; baseline -0.029 -20"><span class='ocrx_word' id='word_1_92' title='bbox 467 2323 551 2397; x_wconf 82' lang='lat'><strong>1796,</strong></span> <span class='ocrx_word' id='word_1_93' title='bbox 568 2319 604 2377; x_wconf 77' lang='lat' dir='ltr'><strong>sm</strong></span> <span class='ocrx_word' id='word_1_94' title='bbox 617 2340 624 2376; x_wconf 76' lang='grc' dir='ltr'><strong>ι</strong></span> <span class='ocrx_word' id='word_1_95' title='bbox 638 2312 716 2374; x_wconf 71' lang='grc' dir='ltr'>Κατὰ</span> <span class='ocrx_word' id='word_1_96' title='bbox 729 2310 756 2369; x_wconf 83' lang='grc' dir='ltr'><strong>δὲ</strong></span> <span class='ocrx_word' id='word_1_97' title='bbox 769 2310 923 2387; x_wconf 70' lang='grc' dir='ltr'>Λυσίμαχον</span> <span class='ocrx_word' id='word_1_98' title='bbox 940 2305 993 2368; x_wconf 78' lang='grc' dir='ltr'>υἱὸς</span> <span class='ocrx_word' id='word_1_99' title='bbox 1005 2305 1076 2381; x_wconf 74' lang='grc' dir='ltr'>αὐτῷ</span> <span class='ocrx_word' id='word_1_100' title='bbox 1089 2302 1117 2369; x_wconf 66' lang='grc' dir='ltr'><strong>ἐξ</strong></span> <span class='ocrx_word' id='word_1_101' title='bbox 1133 2300 1217 2360; x_wconf 69' lang='lat' dir='ltr'><strong>titis-</strong></span> 
     </span>
     <span class='ocr_line' id='line_1_19' title="bbox 462 2384 1218 2482; baseline -0.034 -14"><span class='ocrx_word' id='word_1_102' title='bbox 462 2430 513 2478; x_wconf 83' lang='grc' dir='ltr'><strong>πης</strong></span> <span class='ocrx_word' id='word_1_103' title='bbox 536 2400 721 2482; x_wconf 75' lang='grc' dir='ltr'>Θεσπρωτίδος</span> <span class='ocrx_word' id='word_1_104' title='bbox 736 2396 925 2477; x_wconf 77' lang='lat' dir='ltr'><strong>Aaorsdqptor,</strong></span> <span class='ocrx_word' id='word_1_105' title='bbox 945 2391 974 2451; x_wconf 75' lang='lat' dir='ltr'><strong>do</strong></span> <span class='ocrx_word' id='word_1_106' title='bbox 996 2390 1071 2448; x_wconf 78' lang='grc' dir='ltr'>ἄλλοι</span> <span class='ocrx_word' id='word_1_107' title='bbox 1087 2384 1218 2469; x_wconf 71' lang='lat' dir='ltr'><strong>bipertitis</strong></span> 
     </span>
     <span class='ocr_line' id='line_1_20' title="bbox 423 2476 1218 2575; baseline -0.025 -22"><span class='ocrx_word' id='word_1_108' title='bbox 423 2556 432 2575; x_wconf 38' lang='lat'>⁸</span> <span class='ocrx_word' id='word_1_109' title='bbox 463 2517 537 2575; x_wconf 73' lang='lat' dir='ltr'><strong>pass.</strong></span> <span class='ocrx_word' id='word_1_110' title='bbox 552 2492 689 2571; x_wconf 61' lang='grc' dir='ltr'>Σοφοκλῆς</span> <span class='ocrx_word' id='word_1_111' title='bbox 709 2486 738 2545; x_wconf 70' lang='lat' dir='ltr'><strong>dl</strong></span> <span class='ocrx_word' id='word_1_112' title='bbox 749 2489 779 2545; x_wconf 82' lang='lat' dir='ltr'><strong>ht</strong></span> <span class='ocrx_word' id='word_1_113' title='bbox 794 2488 842 2554; x_wconf 78' lang='grc' dir='ltr'><strong>τῆς</strong></span> <span class='ocrx_word' id='word_1_114' title='bbox 855 2484 935 2552; x_wconf 77' lang='grc' dir='ltr'>αὐτῆς</span> <span class='ocrx_word' id='word_1_115' title='bbox 955 2476 1089 2559; x_wconf 79' lang='grc' dir='ltr'>Εὐρύαλον</span> <span class='ocrx_word' id='word_1_116' title='bbox 1102 2480 1218 2555; x_wconf 75' lang='lat' dir='ltr'><strong>lcs&#39;opsi.</strong></span> 
     </span>
     <span class='ocr_line' id='line_1_21' title="bbox 463 2568 1220 2651; baseline -0.025 -13"><span class='ocrx_word' id='word_1_117' title='bbox 463 2582 491 2639; x_wconf 83' lang='grc' dir='ltr'><strong>ὃν</strong></span> <span class='ocrx_word' id='word_1_118' title='bbox 508 2578 643 2637; x_wconf 74' lang='grc' dir='ltr'>ἀπέκτεινε</span> <span class='ocrx_word' id='word_1_119' title='bbox 665 2574 836 2651; x_wconf 65' lang='grc' dir='ltr'>Ἰἠλέμαχος</span> <span class='ocrx_word' id='word_1_120' title='bbox 856 2568 979 2628; x_wconf 82' lang='lat' dir='ltr'><strong>Difficile</strong></span> <span class='ocrx_word' id='word_1_121' title='bbox 999 2579 1043 2623; x_wconf 88' lang='lat' dir='ltr'><strong>est</strong></span> <span class='ocrx_word' id='word_1_122' title='bbox 1064 2580 1220 2641; x_wconf 88' lang='lat' dir='ltr'><strong>utromque</strong></span> 
     </span>
     <span class='ocr_line' id='line_1_22' title="bbox 464 2653 1222 2742; baseline -0.025 -16"><span class='ocrx_word' id='word_1_123' title='bbox 464 2667 634 2737; x_wconf 83' lang='lat' dir='ltr'><strong>conciliate,</strong></span> <span class='ocrx_word' id='word_1_124' title='bbox 651 2662 807 2742; x_wconf 64' lang='lat' dir='ltr'><strong>prasertim</strong></span> <span class='ocrx_word' id='word_1_125' title='bbox 823 2676 911 2735; x_wconf 78' lang='lat' dir='ltr'><strong>tyrsum</strong></span> <span class='ocrx_word' id='word_1_126' title='bbox 927 2653 1096 2715; x_wconf 87' lang='lat' dir='ltr'><strong>Parthenius</strong></span> <span class='ocrx_word' id='word_1_127' title='bbox 1111 2658 1222 2727; x_wconf 86' lang='lat' dir='ltr'><strong>Eurya-</strong></span> 
     </span>
     <span class='ocr_line' id='line_1_23' title="bbox 465 2741 1222 2829; baseline -0.022 -16"><span class='ocrx_word' id='word_1_128' title='bbox 465 2755 524 2813; x_wconf 87' lang='lat' dir='ltr'><strong>lum</strong></span> <span class='ocrx_word' id='word_1_129' title='bbox 538 2753 574 2811; x_wconf 82' lang='lat' dir='ltr'><strong>ob</strong></span> <span class='ocrx_word' id='word_1_130' title='bbox 590 2755 653 2829; x_wconf 92' lang='lat' dir='ltr'><strong>ipso</strong></span> <span class='ocrx_word' id='word_1_131' title='bbox 666 2751 751 2809; x_wconf 85' lang='lat' dir='ltr'><strong>Ulixe</strong></span> <span class='ocrx_word' id='word_1_132' title='bbox 765 2748 947 2806; x_wconf 78' lang='lat' dir='ltr'><strong>interiectum</strong></span> <span class='ocrx_word' id='word_1_133' title='bbox 967 2743 1070 2801; x_wconf 85' lang='lat' dir='ltr'><strong>relerut</strong></span> <span class='ocrx_word' id='word_1_134' title='bbox 1085 2741 1114 2797; x_wconf 91' lang='lat' dir='ltr'><strong>in</strong></span> <span class='ocrx_word' id='word_1_135' title='bbox 1128 2758 1222 2816; x_wconf 90' lang='lat' dir='ltr'><strong>enque</strong></span> 
     </span>
     <span class='ocr_line' id='line_1_24' title="bbox 465 2837 798 2901; baseline -0.027 0"><span class='ocrx_word' id='word_1_136' title='bbox 465 2843 580 2901; x_wconf 83' lang='lat' dir='ltr'><strong>dillerat</strong></span> <span class='ocrx_word' id='word_1_137' title='bbox 592 2839 629 2899; x_wconf 87' lang='lat' dir='ltr'><strong>ab</strong></span> <span class='ocrx_word' id='word_1_138' title='bbox 640 2837 798 2898; x_wconf 71' lang='lat' dir='ltr'><strong>Eustochio.</strong></span> 
     </span>
    </p>
   </div>
   <div class='ocr_carea' id='block_1_9' title="bbox 765 2979 916 3002">
    <p class='ocr_par' dir='ltr' id='par_1_9' title="bbox 765 2979 916 3002">
     <span class='ocr_line' id='line_1_25' title="bbox 765 2979 916 3002; baseline -0.007 -1"><span class='ocrx_word' id='word_1_139' title='bbox 765 2979 916 3002; x_wconf 69' lang='grc' dir='ltr'><strong>-οου-</strong></span> 
     </span>
    </p>
   </div>
   <div class='ocr_carea' id='block_1_10' title="bbox 618 3070 1067 3164">
    <p class='ocr_par' dir='ltr' id='par_1_10' title="bbox 618 3070 1067 3164">
     <span class='ocr_line' id='line_1_26' title="bbox 618 3070 1067 3164; baseline -0.027 0"><span class='ocrx_word' id='word_1_140' title='bbox 618 3078 726 3164; x_wconf 86' lang='lat' dir='ltr'><strong>RES</strong></span> <span class='ocrx_word' id='word_1_141' title='bbox 763 3076 802 3159; x_wconf 85' lang='grc' dir='ltr'>Τ</span> <span class='ocrx_word' id='word_1_142' title='bbox 805 3070 1067 3160; x_wconf 83' lang='lat' dir='ltr'><strong>HEBANAE.</strong></span> 
     </span>
    </p>
   </div>
   <div class='ocr_carea' id='block_1_11' title="bbox 467 3223 1225 3486">
    <p class='ocr_par' dir='ltr' id='par_1_11' title="bbox 467 3223 1225 3486">
     <span class='ocr_line' id='line_1_27' title="bbox 479 3223 1224 3309; baseline -0.017 -16"><span class='ocrx_word' id='word_1_143' title='bbox 479 3283 482 3287; x_wconf 91' lang='lat'><strong>.</strong></span> <span class='ocrx_word' id='word_1_144' title='bbox 505 3233 637 3309; x_wconf 84' lang='lat' dir='ltr'><strong>OEdipus</strong></span> <span class='ocrx_word' id='word_1_145' title='bbox 651 3237 731 3301; x_wconf 83' lang='lat' dir='ltr'><strong>Rex,</strong></span> <span class='ocrx_word' id='word_1_146' title='bbox 753 3229 885 3304; x_wconf 87' lang='lat' dir='ltr'><strong>OEdipus</strong></span> <span class='ocrx_word' id='word_1_147' title='bbox 898 3229 1062 3290; x_wconf 79' lang='lat' dir='ltr'><strong>Coloneus,</strong></span> <span class='ocrx_word' id='word_1_148' title='bbox 1083 3223 1224 3299; x_wconf 86' lang='lat' dir='ltr'><strong>Antigona</strong></span> 
     </span>
     <span class='ocr_line' id='line_1_28' title="bbox 467 3317 1224 3390; baseline -0.021 -7"><span class='ocrx_word' id='word_1_149' title='bbox 467 3343 566 3382; x_wconf 85' lang='lat' dir='ltr'><strong>omnes</strong></span> <span class='ocrx_word' id='word_1_150' title='bbox 578 3322 606 3378; x_wconf 90' lang='lat' dir='ltr'><strong>in</strong></span> <span class='ocrx_word' id='word_1_151' title='bbox 620 3319 707 3378; x_wconf 87' lang='lat' dir='ltr'><strong>rebus</strong></span> <span class='ocrx_word' id='word_1_152' title='bbox 719 3317 864 3379; x_wconf 80' lang='lat' dir='ltr'><strong>Thebanis</strong></span> <span class='ocrx_word' id='word_1_153' title='bbox 878 3328 1037 3384; x_wconf 82' lang='lat' dir='ltr'><strong>versamur,</strong></span> <span class='ocrx_word' id='word_1_154' title='bbox 1051 3332 1115 3390; x_wconf 83' lang='lat' dir='ltr'><strong>quae</strong></span> <span class='ocrx_word' id='word_1_155' title='bbox 1125 3323 1224 3388; x_wconf 85' lang='lat' dir='ltr'><strong>tragoe-</strong></span> 
     </span>
     <span class='ocr_line' id='line_1_29' title="bbox 467 3399 1225 3486; baseline -0.016 -18"><span class='ocrx_word' id='word_1_156' title='bbox 467 3411 523 3468; x_wconf 85' lang='lat' dir='ltr'><strong>diae</strong></span> <span class='ocrx_word' id='word_1_157' title='bbox 542 3429 630 3486; x_wconf 74' lang='lat' dir='ltr'><strong>tyrrrrm</strong></span> <span class='ocrx_word' id='word_1_158' title='bbox 652 3418 780 3478; x_wconf 88' lang='lat' dir='ltr'><strong>exstent,</strong></span> <span class='ocrx_word' id='word_1_159' title='bbox 803 3404 859 3462; x_wconf 91' lang='lat' dir='ltr'><strong>hoc</strong></span> <span class='ocrx_word' id='word_1_160' title='bbox 883 3403 949 3461; x_wconf 92' lang='lat' dir='ltr'><strong>loco</strong></span> <span class='ocrx_word' id='word_1_161' title='bbox 974 3399 1225 3480; x_wconf 85' lang='lat' dir='ltr'><strong>praetermittendae</strong></span> 
     </span>
    </p>
   </div>
   <div class='ocr_carea' id='block_1_12' title="bbox 468 3510 544 3555">
    <p class='ocr_par' dir='ltr' id='par_1_12' title="bbox 468 3510 544 3555">
     <span class='ocr_line' id='line_1_30' title="bbox 468 3510 544 3555; baseline 0 0"><span class='ocrx_word' id='word_1_162' title='bbox 468 3510 544 3555; x_wconf 80' lang='lat' dir='ltr'><strong>sunl.</strong></span> 
     </span>
    </p>
   </div>
   <div class='ocr_carea' id='block_1_13' title="bbox 789 3611 899 3630">
    <p class='ocr_par' dir='ltr' id='par_1_13' title="bbox 789 3611 899 3630">
     <span class='ocr_line' id='line_1_31' title="bbox 789 3611 899 3630; baseline -0.009 -3"><span class='ocrx_word' id='word_1_163' title='bbox 789 3611 899 3630; x_wconf 62' lang='grc' dir='ltr'><strong>ι*</strong></span> 
     </span>
    </p>
   </div>
   <div class='ocr_carea' id='block_1_14' title="bbox 611 3701 1085 3804">
    <p class='ocr_par' dir='ltr' id='par_1_14' title="bbox 611 3701 1085 3804">
     <span class='ocr_line' id='line_1_32' title="bbox 611 3701 1085 3804; baseline -0.011 -38"><span class='ocrx_word' id='word_1_164' title='bbox 611 3703 765 3804; x_wconf 69' lang='lat' dir='ltr'><strong>ortuum</strong></span> <span class='ocrx_word' id='word_1_165' title='bbox 787 3719 858 3762; x_wconf 82' lang='lat' dir='ltr'><strong>srva</strong></span> <span class='ocrx_word' id='word_1_166' title='bbox 877 3701 1085 3762; x_wconf 83' lang='lat' dir='ltr'><strong>ElthllYLA.</strong></span> 
     </span>
    </p>
   </div>
   <div class='ocr_carea' id='block_1_15' title="bbox 469 3843 1229 4360">
    <p class='ocr_par' dir='ltr' id='par_1_15' title="bbox 469 3843 1229 4360">
     <span class='ocr_line' id='line_1_33' title="bbox 508 3843 1227 3922; baseline -0.001 -18"><span class='ocrx_word' id='word_1_167' title='bbox 508 3846 641 3904; x_wconf 81' lang='lat' dir='ltr'><strong>Diximus</strong></span> <span class='ocrx_word' id='word_1_168' title='bbox 653 3843 780 3920; x_wconf 84' lang='lat' dir='ltr'><strong>AEschyli</strong></span> <span class='ocrx_word' id='word_1_169' title='bbox 796 3843 942 3922; x_wconf 88' lang='lat' dir='ltr'><strong>Epigonos</strong></span> <span class='ocrx_word' id='word_1_170' title='bbox 953 3856 1117 3901; x_wconf 72' lang='lat' dir='ltr'><strong>susurrantes</strong></span> <span class='ocrx_word' id='word_1_171' title='bbox 1130 3845 1157 3900; x_wconf 91' lang='lat' dir='ltr'><strong>in</strong></span> <span class='ocrx_word' id='word_1_172' title='bbox 1171 3845 1227 3904; x_wconf 85' lang='lat' dir='ltr'><strong>lra-</strong></span> 
     </span>
     <span class='ocr_line' id='line_1_34' title="bbox 469 3931 1229 4012; baseline -0.005 -20"><span class='ocrx_word' id='word_1_173' title='bbox 469 3935 592 4012; x_wconf 85' lang='lat' dir='ltr'><strong>gmentis</strong></span> <span class='ocrx_word' id='word_1_174' title='bbox 605 3932 676 3990; x_wconf 87' lang='lat' dir='ltr'><strong>nihil</strong></span> <span class='ocrx_word' id='word_1_175' title='bbox 689 3932 830 4010; x_wconf 88' lang='lat' dir='ltr'><strong>reperiri,</strong></span> <span class='ocrx_word' id='word_1_176' title='bbox 845 3951 904 4008; x_wconf 92' lang='lat' dir='ltr'><strong>quo</strong></span> <span class='ocrx_word' id='word_1_177' title='bbox 918 3931 1060 4008; x_wconf 81' lang='lat' dir='ltr'><strong>tragoediae</strong></span> <span class='ocrx_word' id='word_1_178' title='bbox 1073 3951 1229 4008; x_wconf 81' lang='lat' dir='ltr'><strong>argumen-</strong></span> 
     </span>
     <span class='ocr_line' id='line_1_35' title="bbox 470 4018 1225 4098; baseline 0 -19"><span class='ocrx_word' id='word_1_179' title='bbox 470 4035 532 4080; x_wconf 89' lang='lat' dir='ltr'><strong>tum</strong></span> <span class='ocrx_word' id='word_1_180' title='bbox 545 4022 746 4080; x_wconf 78' lang='lat' dir='ltr'><strong>illustraretur.</strong></span> <span class='ocrx_word' id='word_1_181' title='bbox 767 4028 864 4098; x_wconf 81' lang='lat' dir='ltr'><strong>Atque</strong></span> <span class='ocrx_word' id='word_1_182' title='bbox 876 4018 963 4077; x_wconf 74' lang='lat' dir='ltr'><strong>uarias</strong></span> <span class='ocrx_word' id='word_1_183' title='bbox 976 4021 1104 4077; x_wconf 81' lang='lat' dir='ltr'><strong>virorum</strong></span> <span class='ocrx_word' id='word_1_184' title='bbox 1121 4019 1225 4078; x_wconf 87' lang='lat' dir='ltr'><strong>docto-</strong></span> 
     </span>
     <span class='ocr_line' id='line_1_36' title="bbox 471 4107 1226 4184; baseline -0.004 -17"><span class='ocrx_word' id='word_1_185' title='bbox 471 4129 536 4167; x_wconf 88' lang='lat' dir='ltr'><strong>rum</strong></span> <span class='ocrx_word' id='word_1_186' title='bbox 551 4109 716 4179; x_wconf 84' lang='lat' dir='ltr'><strong>sententiae,</strong></span> <span class='ocrx_word' id='word_1_187' title='bbox 738 4126 810 4184; x_wconf 85' lang='lat' dir='ltr'><strong>quas</strong></span> <span class='ocrx_word' id='word_1_188' title='bbox 836 4107 864 4163; x_wconf 87' lang='lat' dir='ltr'><strong>iu</strong></span> <span class='ocrx_word' id='word_1_189' title='bbox 881 4107 1005 4165; x_wconf 88' lang='lat' dir='ltr'><strong>medium</strong></span> <span class='ocrx_word' id='word_1_190' title='bbox 1027 4108 1226 4183; x_wconf 89' lang='lat' dir='ltr'><strong>protulerunt,</strong></span> 
     </span>
     <span class='ocr_line' id='line_1_37' title="bbox 470 4193 1227 4272; baseline -0.001 -18"><span class='ocrx_word' id='word_1_191' title='bbox 470 4198 539 4254; x_wconf 86' lang='lat' dir='ltr'><strong>sotis</strong></span> <span class='ocrx_word' id='word_1_192' title='bbox 553 4203 693 4254; x_wconf 85' lang='lat' dir='ltr'><strong>testantur</strong></span> <span class='ocrx_word' id='word_1_193' title='bbox 702 4215 761 4252; x_wconf 90' lang='lat' dir='ltr'><strong>non</strong></span> <span class='ocrx_word' id='word_1_194' title='bbox 777 4194 867 4252; x_wconf 89' lang='lat' dir='ltr'><strong>multo</strong></span> <span class='ocrx_word' id='word_1_195' title='bbox 880 4197 1002 4252; x_wconf 88' lang='lat' dir='ltr'><strong>certiora</strong></span> <span class='ocrx_word' id='word_1_196' title='bbox 1019 4193 1076 4252; x_wconf 76' lang='lat' dir='ltr'><strong>elici</strong></span> <span class='ocrx_word' id='word_1_197' title='bbox 1095 4214 1179 4272; x_wconf 81' lang='lat' dir='ltr'><strong>posse</strong></span> <span class='ocrx_word' id='word_1_198' title='bbox 1191 4194 1227 4253; x_wconf 92' lang='lat' dir='ltr'><strong>de</strong></span> 
     </span>
     <span class='ocr_line' id='line_1_38' title="bbox 472 4281 1228 4360; baseline -0.001 -19"><span class='ocrx_word' id='word_1_199' title='bbox 472 4281 609 4360; x_wconf 86' lang='lat' dir='ltr'><strong>trsgoedia</strong></span> <span class='ocrx_word' id='word_1_200' title='bbox 621 4282 788 4359; x_wconf 82' lang='lat' dir='ltr'><strong>Sophoclis,</strong></span> <span class='ocrx_word' id='word_1_201' title='bbox 803 4301 867 4358; x_wconf 81' lang='lat' dir='ltr'><strong>quae</strong></span> <span class='ocrx_word' id='word_1_202' title='bbox 879 4282 981 4339; x_wconf 91' lang='lat' dir='ltr'><strong>eodem</strong></span> <span class='ocrx_word' id='word_1_203' title='bbox 995 4283 1111 4339; x_wconf 90' lang='lat' dir='ltr'><strong>nomine</strong></span> <span class='ocrx_word' id='word_1_204' title='bbox 1124 4283 1228 4340; x_wconf 90' lang='lat' dir='ltr'><strong>inscri-</strong></span> 
     </span>
    </p>
   </div>
   <div class='ocr_carea' id='block_1_16' title="bbox 1255 950 1990 1033">
    <p class='ocr_par' dir='ltr' id='par_1_16' title="bbox 1255 950 1990 1033">
     <span class='ocr_line' id='line_1_39' title="bbox 1255 950 1990 1033; baseline -0.01 -20"><span class='ocrx_word' id='word_1_205' title='bbox 1255 953 1419 1033; x_wconf 83' lang='lat' dir='ltr'><strong>trogoediam</strong></span> <span class='ocrx_word' id='word_1_206' title='bbox 1439 952 1557 1011; x_wconf 84' lang='lat' dir='ltr'><strong>latinum</strong></span> <span class='ocrx_word' id='word_1_207' title='bbox 1575 954 1683 1013; x_wconf 79' lang='lat' dir='ltr'><strong>iecisse.</strong></span> <span class='ocrx_word' id='word_1_208' title='bbox 1708 950 1767 1010; x_wconf 88' lang='lat' dir='ltr'><strong>Cic.</strong></span> <span class='ocrx_word' id='word_1_209' title='bbox 1785 954 1874 1008; x_wconf 86' lang='lat' dir='ltr'><strong>Tusc.</strong></span> <span class='ocrx_word' id='word_1_210' title='bbox 1886 954 1932 1021; x_wconf 88' lang='lat' dir='ltr'><strong>ll,</strong></span> <span class='ocrx_word' id='word_1_211' title='bbox 1947 962 1990 1019; x_wconf 74' lang='lat' dir='ltr'><strong>at:</strong></span> 
     </span>
    </p>
   </div>
   <div class='ocr_carea' id='block_1_17' title="bbox 1254 1038 1992 1208">
    <p class='ocr_par' dir='ltr' id='par_1_17' title="bbox 1254 1038 1992 1208">
     <span class='ocr_line' id='line_1_40' title="bbox 1254 1038 1992 1118; baseline -0.008 -16"><span class='ocrx_word' id='word_1_212' title='bbox 1254 1047 1351 1101; x_wconf 66' lang='lat' dir='ltr'><strong>«Tum</strong></span> <span class='ocrx_word' id='word_1_213' title='bbox 1362 1040 1537 1111; x_wconf 81' lang='lat' dir='ltr'><strong>Cleanthem,</strong></span> <span class='ocrx_word' id='word_1_214' title='bbox 1550 1059 1639 1117; x_wconf 89' lang='lat' dir='ltr'><strong>quum</strong></span> <span class='ocrx_word' id='word_1_215' title='bbox 1653 1038 1726 1118; x_wconf 84' lang='lat' dir='ltr'><strong>pede</strong></span> <span class='ocrx_word' id='word_1_216' title='bbox 1738 1050 1846 1097; x_wconf 88' lang='lat' dir='ltr'><strong>terram</strong></span> <span class='ocrx_word' id='word_1_217' title='bbox 1858 1042 1992 1116; x_wconf 79' lang='lat' dir='ltr'><strong>percussis-</strong></span> 
     </span>
     <span class='ocr_line' id='line_1_41' title="bbox 1255 1125 1891 1208; baseline -0.014 -17"><span class='ocrx_word' id='word_1_218' title='bbox 1255 1146 1314 1208; x_wconf 85' lang='lat' dir='ltr'><strong>set,</strong></span> <span class='ocrx_word' id='word_1_219' title='bbox 1327 1150 1439 1189; x_wconf 86' lang='lat' dir='ltr'><strong>rersum</strong></span> <span class='ocrx_word' id='word_1_220' title='bbox 1456 1150 1492 1186; x_wconf 86' lang='lat' dir='ltr'><strong>ex</strong></span> <span class='ocrx_word' id='word_1_221' title='bbox 1505 1128 1641 1205; x_wconf 79' lang='lat' dir='ltr'><strong>Epigonis</strong></span> <span class='ocrx_word' id='word_1_222' title='bbox 1656 1127 1752 1184; x_wconf 88' lang='lat' dir='ltr'><strong>lerunt</strong></span> <span class='ocrx_word' id='word_1_223' title='bbox 1766 1125 1891 1183; x_wconf 84' lang='lat' dir='ltr'><strong>dixisse:</strong></span> 
     </span>
    </p>
   </div>
   <div class='ocr_carea' id='block_1_18' title="bbox 1292 1262 1982 1339">
    <p class='ocr_par' dir='ltr' id='par_1_18' title="bbox 1292 1262 1982 1339">
     <span class='ocr_line' id='line_1_42' title="bbox 1292 1262 1982 1339; baseline -0.02 -12"><span class='ocrx_word' id='word_1_224' title='bbox 1292 1268 1417 1327; x_wconf 79' lang='lat' dir='ltr'><strong>Audiens</strong></span> <span class='ocrx_word' id='word_1_225' title='bbox 1426 1266 1499 1333; x_wconf 80' lang='lat' dir='ltr'><strong>hac,</strong></span> <span class='ocrx_word' id='word_1_226' title='bbox 1512 1265 1677 1339; x_wconf 75' lang='lat' dir='ltr'><strong>Amphiarae</strong></span> <span class='ocrx_word' id='word_1_227' title='bbox 1688 1265 1740 1321; x_wconf 91' lang='lat' dir='ltr'><strong>suh</strong></span> <span class='ocrx_word' id='word_1_228' title='bbox 1751 1272 1853 1319; x_wconf 87' lang='lat' dir='ltr'><strong>terram</strong></span> <span class='ocrx_word' id='word_1_229' title='bbox 1866 1262 1982 1320; x_wconf 73' lang='lat' dir='ltr'><strong>abditu.</strong></span> 
     </span>
    </p>
   </div>
   <div class='ocr_carea' id='block_1_19' title="bbox 1257 1388 2001 1819">
    <p class='ocr_par' dir='ltr' id='par_1_19' title="bbox 1257 1388 2001 1819">
     <span class='ocr_line' id='line_1_43' title="bbox 1257 1388 1996 1470; baseline -0.011 -19"><span class='ocrx_word' id='word_1_230' title='bbox 1257 1392 1303 1451; x_wconf 89' lang='lat' dir='ltr'><strong>Ad</strong></span> <span class='ocrx_word' id='word_1_231' title='bbox 1313 1412 1378 1470; x_wconf 77' lang='lat' dir='ltr'><strong>quse</strong></span> <span class='ocrx_word' id='word_1_232' title='bbox 1390 1392 1550 1451; x_wconf 82' lang='lat' dir='ltr'><strong>Bnrnclsius</strong></span> <span class='ocrx_word' id='word_1_233' title='bbox 1563 1414 1570 1449; x_wconf 73' lang='grc' dir='ltr'><strong><em>ε</em></strong></span> <span class='ocrx_word' id='word_1_234' title='bbox 1584 1416 1596 1440; x_wconf 78' lang='grc' dir='ltr'>ι</span> <span class='ocrx_word' id='word_1_235' title='bbox 1608 1388 1762 1465; x_wconf 83' lang='lat' dir='ltr'><strong>Sophoclis</strong></span> <span class='ocrx_word' id='word_1_236' title='bbox 1772 1389 1963 1466; x_wconf 82' lang='lat' dir='ltr'><strong>Epignomum</strong></span> <span class='ocrx_word' id='word_1_237' title='bbox 1972 1388 1996 1443; x_wconf 74' lang='lat' dir='ltr'><strong>ah</strong></span> 
     </span>
     <span class='ocr_line' id='line_1_44' title="bbox 1259 1474 1997 1539; baseline -0.008 0"><span class='ocrx_word' id='word_1_238' title='bbox 1259 1480 1341 1539; x_wconf 87' lang='lat' dir='ltr'><strong>Attio</strong></span> <span class='ocrx_word' id='word_1_239' title='bbox 1354 1498 1560 1537; x_wconf 81' lang='lat' dir='ltr'><strong>conversorum</strong></span> <span class='ocrx_word' id='word_1_240' title='bbox 1574 1477 1704 1535; x_wconf 89' lang='lat' dir='ltr'><strong>meminit</strong></span> <span class='ocrx_word' id='word_1_241' title='bbox 1722 1476 1827 1535; x_wconf 85' lang='lat' dir='ltr'><strong>Cicero</strong></span> <span class='ocrx_word' id='word_1_242' title='bbox 1841 1476 1870 1531; x_wconf 87' lang='lat' dir='ltr'><strong>in</strong></span> <span class='ocrx_word' id='word_1_243' title='bbox 1888 1474 1957 1533; x_wconf 84' lang='lat' dir='ltr'><strong>libro</strong></span> <span class='ocrx_word' id='word_1_244' title='bbox 1968 1480 1997 1533; x_wconf 84' lang='lat' dir='ltr'><strong>De</strong></span> 
     </span>
     <span class='ocr_line' id='line_1_45' title="bbox 1259 1566 1997 1643; baseline -0.012 -16"><span class='ocrx_word' id='word_1_245' title='bbox 1259 1580 1408 1627; x_wconf 88' lang='lat' dir='ltr'><strong>oratorum</strong></span> <span class='ocrx_word' id='word_1_246' title='bbox 1429 1567 1542 1643; x_wconf 89' lang='lat' dir='ltr'><strong>optimo</strong></span> <span class='ocrx_word' id='word_1_247' title='bbox 1560 1584 1664 1642; x_wconf 80' lang='lat' dir='ltr'><strong>genere</strong></span> <span class='ocrx_word' id='word_1_248' title='bbox 1681 1584 1746 1642; x_wconf 91' lang='lat' dir='ltr'><strong>cap.</strong></span> <span class='ocrx_word' id='word_1_249' title='bbox 1760 1567 1800 1621; x_wconf 88' lang='lat' dir='ltr'><strong>vt</strong></span> <span class='ocrx_word' id='word_1_250' title='bbox 1817 1585 1824 1621; x_wconf 91' lang='lat'><strong>:</strong></span> <span class='ocrx_word' id='word_1_251' title='bbox 1839 1566 1896 1619; x_wconf 82' lang='lat' dir='ltr'><strong>Nec</strong></span> <span class='ocrx_word' id='word_1_252' title='bbox 1907 1567 1997 1619; x_wconf 77' lang='lat' dir='ltr'><strong>Ando-</strong></span> 
     </span>
     <span class='ocr_line' id='line_1_46' title="bbox 1260 1654 1999 1730; baseline -0.009 -18"><span class='ocrx_word' id='word_1_253' title='bbox 1260 1656 1387 1712; x_wconf 83' lang='lat' dir='ltr'><strong>mncham</strong></span> <span class='ocrx_word' id='word_1_254' title='bbox 1400 1660 1486 1730; x_wconf 77' lang='lat' dir='ltr'><strong>igitur</strong></span> <span class='ocrx_word' id='word_1_255' title='bbox 1495 1666 1546 1710; x_wconf 84' lang='lat' dir='ltr'><strong>aut</strong></span> <span class='ocrx_word' id='word_1_256' title='bbox 1555 1659 1704 1726; x_wconf 78' lang='lat' dir='ltr'><strong>Antiopam</strong></span> <span class='ocrx_word' id='word_1_257' title='bbox 1714 1666 1766 1708; x_wconf 81' lang='lat' dir='ltr'><strong>out</strong></span> <span class='ocrx_word' id='word_1_258' title='bbox 1775 1654 1914 1727; x_wconf 72' lang='lat' dir='ltr'><strong>Epigonos</strong></span> <span class='ocrx_word' id='word_1_259' title='bbox 1923 1656 1999 1707; x_wconf 72' lang='lat' dir='ltr'><strong>lauru</strong></span> 
     </span>
     <span class='ocr_line' id='line_1_47' title="bbox 1260 1742 2001 1819; baseline -0.005 -20"><span class='ocrx_word' id='word_1_260' title='bbox 1260 1748 1402 1819; x_wconf 79' lang='lat' dir='ltr'><strong>recipiunt.</strong></span> <span class='ocrx_word' id='word_1_261' title='bbox 1415 1742 1473 1799; x_wconf 83' lang='lat' dir='ltr'><strong>Sed</strong></span> <span class='ocrx_word' id='word_1_262' title='bbox 1487 1754 1581 1797; x_wconf 84' lang='lat' dir='ltr'><strong>tamen</strong></span> <span class='ocrx_word' id='word_1_263' title='bbox 1594 1742 1714 1797; x_wconf 85' lang='lat' dir='ltr'><strong>Ennium</strong></span> <span class='ocrx_word' id='word_1_264' title='bbox 1727 1754 1757 1797; x_wconf 87' lang='lat' dir='ltr'><strong>et</strong></span> <span class='ocrx_word' id='word_1_265' title='bbox 1766 1742 1915 1797; x_wconf 70' lang='lat' dir='ltr'><strong>Pecuniam</strong></span> <span class='ocrx_word' id='word_1_266' title='bbox 1928 1748 2001 1796; x_wconf 80' lang='lat' dir='ltr'><strong>rtAr-</strong></span> 
     </span>
    </p>
   </div>
   <div class='ocr_carea' id='block_1_20' title="bbox 1173 1828 2002 1905">
    <p class='ocr_par' dir='ltr' id='par_1_20' title="bbox 1173 1828 2002 1905">
     <span class='ocr_line' id='line_1_48' title="bbox 1173 1828 2002 1905; baseline -0.006 -19"><span class='ocrx_word' id='word_1_267' title='bbox 1173 1858 1179 1869; x_wconf 94' lang='lat'>·</span> <span class='ocrx_word' id='word_1_268' title='bbox 1261 1836 1327 1887; x_wconf 74' lang='lat' dir='ltr'><strong>nune</strong></span> <span class='ocrx_word' id='word_1_269' title='bbox 1336 1834 1523 1905; x_wconf 70' lang='lat' dir='ltr'><strong>potiusquam</strong></span> <span class='ocrx_word' id='word_1_270' title='bbox 1535 1829 1695 1902; x_wconf 71' lang='lat' dir='ltr'><strong>Euripidem</strong></span> <span class='ocrx_word' id='word_1_271' title='bbox 1707 1840 1735 1883; x_wconf 85' lang='lat' dir='ltr'><strong>et</strong></span> <span class='ocrx_word' id='word_1_272' title='bbox 1743 1828 1905 1903; x_wconf 79' lang='lat' dir='ltr'><strong>Sophoclem</strong></span> <span class='ocrx_word' id='word_1_273' title='bbox 1919 1830 2002 1903; x_wconf 75' lang='lat' dir='ltr'><strong>legant.</strong></span> 
     </span>
    </p>
   </div>
   <div class='ocr_carea' id='block_1_21' title="bbox 1262 1914 2069 2870">
    <p class='ocr_par' dir='ltr' id='par_1_21' title="bbox 1262 1914 2001 2150">
     <span class='ocr_line' id='line_1_49' title="bbox 1262 1914 2001 1994; baseline -0.005 -19"><span class='ocrx_word' id='word_1_274' title='bbox 1262 1916 1410 1994; x_wconf 86' lang='lat' dir='ltr'><strong>Euripidis</strong></span> <span class='ocrx_word' id='word_1_275' title='bbox 1425 1914 1658 1973; x_wconf 86' lang='lat' dir='ltr'><strong>Andromachum</strong></span> <span class='ocrx_word' id='word_1_276' title='bbox 1671 1914 1748 1992; x_wconf 87' lang='lat' dir='ltr'><strong>opud</strong></span> <span class='ocrx_word' id='word_1_277' title='bbox 1764 1920 1912 1973; x_wconf 80' lang='lat' dir='ltr'><strong>Romanos</strong></span> <span class='ocrx_word' id='word_1_278' title='bbox 1925 1918 2001 1971; x_wconf 74' lang='lat' dir='ltr'><strong>deruit</strong></span> 
     </span>
     <span class='ocr_line' id='line_1_50' title="bbox 1262 2002 2001 2081; baseline -0.008 -18"><span class='ocrx_word' id='word_1_279' title='bbox 1262 2004 1388 2075; x_wconf 88' lang='lat' dir='ltr'><strong>Ennius;</strong></span> <span class='ocrx_word' id='word_1_280' title='bbox 1400 2004 1555 2081; x_wconf 78' lang='lat' dir='ltr'><strong>Antiopam</strong></span> <span class='ocrx_word' id='word_1_281' title='bbox 1568 2003 1730 2074; x_wconf 60' lang='lat' dir='ltr'><strong>osonum</strong></span> <span class='ocrx_word' id='word_1_282' title='bbox 1745 2002 1901 2081; x_wconf 83' lang='lat' dir='ltr'><strong>Sophoclis</strong></span> <span class='ocrx_word' id='word_1_283' title='bbox 1914 2004 2001 2079; x_wconf 76' lang='lat' dir='ltr'><strong>Epign-</strong></span> 
     </span>
     <span class='ocr_line' id='line_1_51' title="bbox 1263 2092 1457 2150; baseline 0 -1"><span class='ocrx_word' id='word_1_284' title='bbox 1263 2112 1315 2150; x_wconf 90' lang='lat' dir='ltr'><strong>nos</strong></span> <span class='ocrx_word' id='word_1_285' title='bbox 1329 2092 1457 2149; x_wconf 65' lang='lat' dir='ltr'><strong>Attius*-</strong></span> 
     </span>
    </p>

    <p class='ocr_par' dir='ltr' id='par_1_22' title="bbox 1263 2178 2069 2870">
     <span class='ocr_line' id='line_1_52' title="bbox 1303 2178 2003 2255; baseline -0.004 -19"><span class='ocrx_word' id='word_1_286' title='bbox 1303 2179 1387 2238; x_wconf 88' lang='lat' dir='ltr'><strong>Varia</strong></span> <span class='ocrx_word' id='word_1_287' title='bbox 1400 2192 1494 2237; x_wconf 74' lang='lat' dir='ltr'><strong>umen</strong></span> <span class='ocrx_word' id='word_1_288' title='bbox 1507 2189 1635 2235; x_wconf 87' lang='lat' dir='ltr'><strong>veterum</strong></span> <span class='ocrx_word' id='word_1_289' title='bbox 1647 2178 1788 2234; x_wconf 84' lang='lat' dir='ltr'><strong>memoria</strong></span> <span class='ocrx_word' id='word_1_290' title='bbox 1802 2190 1847 2235; x_wconf 85' lang='lat' dir='ltr'><strong>est</strong></span> <span class='ocrx_word' id='word_1_291' title='bbox 1860 2178 1897 2235; x_wconf 84' lang='lat' dir='ltr'><strong>de</strong></span> <span class='ocrx_word' id='word_1_292' title='bbox 1909 2178 2003 2255; x_wconf 77' lang='lat' dir='ltr'><strong>reliquis</strong></span> 
     </span>
     <span class='ocr_line' id='line_1_53' title="bbox 1263 2264 2003 2343; baseline -0.008 -16"><span class='ocrx_word' id='word_1_293' title='bbox 1263 2266 1505 2343; x_wconf 81' lang='lat' dir='ltr'><strong>rebusliyginus:</strong></span> <span class='ocrx_word' id='word_1_294' title='bbox 1515 2264 1725 2341; x_wconf 77' lang='lat' dir='ltr'><strong>«Amphiaraus</strong></span> <span class='ocrx_word' id='word_1_295' title='bbox 1737 2264 1896 2323; x_wconf 80' lang='lat' dir='ltr'><strong>Alcmaeoui</strong></span> <span class='ocrx_word' id='word_1_296' title='bbox 1907 2268 2003 2322; x_wconf 82' lang='lat' dir='ltr'><strong>liliosae</strong></span> 
     </span>
     <span class='ocr_line' id='line_1_54' title="bbox 1268 2355 2004 2433; baseline -0.005 -20"><span class='ocrx_word' id='word_1_297' title='bbox 1268 2355 1426 2433; x_wconf 64' lang='lat' dir='ltr'><strong>pracepit,</strong></span> <span class='ocrx_word' id='word_1_298' title='bbox 1440 2366 1473 2412; x_wconf 89' lang='lat' dir='ltr'><strong>ut</strong></span> <span class='ocrx_word' id='word_1_299' title='bbox 1486 2365 1553 2431; x_wconf 91' lang='lat' dir='ltr'><strong>post</strong></span> <span class='ocrx_word' id='word_1_300' title='bbox 1564 2372 1642 2411; x_wconf 84' lang='lat' dir='ltr'><strong>sumn</strong></span> <span class='ocrx_word' id='word_1_301' title='bbox 1660 2364 1780 2409; x_wconf 88' lang='lat' dir='ltr'><strong>mortem</strong></span> <span class='ocrx_word' id='word_1_302' title='bbox 1797 2372 1897 2430; x_wconf 78' lang='lat' dir='ltr'><strong>pernas</strong></span> <span class='ocrx_word' id='word_1_303' title='bbox 1910 2366 2004 2411; x_wconf 78' lang='lat' dir='ltr'><strong>amaus</strong></span> 
     </span>
     <span class='ocr_line' id='line_1_55' title="bbox 1267 2440 2003 2521; baseline -0.005 -20"><span class='ocrx_word' id='word_1_304' title='bbox 1267 2454 1480 2521; x_wconf 86' lang='lat' dir='ltr'><strong>exsequeretur.</strong></span> <span class='ocrx_word' id='word_1_305' title='bbox 1493 2440 1551 2513; x_wconf 89' lang='lat' dir='ltr'><strong>Qui</strong></span> <span class='ocrx_word' id='word_1_306' title='bbox 1569 2452 1719 2518; x_wconf 85' lang='lat' dir='ltr'><strong>postquam</strong></span> <span class='ocrx_word' id='word_1_307' title='bbox 1733 2440 1812 2516; x_wconf 85' lang='lat' dir='ltr'><strong>ayurd</strong></span> <span class='ocrx_word' id='word_1_308' title='bbox 1823 2440 1934 2499; x_wconf 84' lang='lat' dir='ltr'><strong>Thebas</strong></span> <span class='ocrx_word' id='word_1_309' title='bbox 1947 2454 2003 2497; x_wconf 82' lang='lat' dir='ltr'><strong>tem</strong></span> 
     </span>
     <span class='ocr_line' id='line_1_56' title="bbox 1267 2528 2003 2605; baseline -0.008 -18"><span class='ocrx_word' id='word_1_310' title='bbox 1267 2541 1310 2587; x_wconf 89' lang='lat' dir='ltr'><strong>est</strong></span> <span class='ocrx_word' id='word_1_311' title='bbox 1323 2528 1479 2588; x_wconf 83' lang='lat' dir='ltr'><strong>devoratus</strong></span> <span class='ocrx_word' id='word_1_312' title='bbox 1491 2528 1652 2601; x_wconf 78' lang='lat' dir='ltr'><strong>,Alcmaeon</strong></span> <span class='ocrx_word' id='word_1_313' title='bbox 1666 2545 1777 2583; x_wconf 89' lang='lat' dir='ltr'><strong>memor</strong></span> <span class='ocrx_word' id='word_1_314' title='bbox 1787 2528 1879 2605; x_wconf 86' lang='lat' dir='ltr'><strong>patris</strong></span> <span class='ocrx_word' id='word_1_315' title='bbox 1893 2528 2003 2602; x_wconf 73' lang='lat' dir='ltr'><strong>precepti</strong></span> 
     </span>
     <span class='ocr_line' id='line_1_57' title="bbox 1271 2614 2004 2695; baseline -0.004 -21"><span class='ocrx_word' id='word_1_316' title='bbox 1271 2616 1425 2695; x_wconf 85' lang='lat' dir='ltr'><strong>Eriphylen</strong></span> <span class='ocrx_word' id='word_1_317' title='bbox 1440 2634 1526 2673; x_wconf 86' lang='lat' dir='ltr'><strong>manu</strong></span> <span class='ocrx_word' id='word_1_318' title='bbox 1537 2635 1589 2673; x_wconf 85' lang='lat' dir='ltr'><strong>sua</strong></span> <span class='ocrx_word' id='word_1_319' title='bbox 1602 2614 1724 2685; x_wconf 72' lang='lat' dir='ltr'><strong>(recidit,</strong></span> <span class='ocrx_word' id='word_1_320' title='bbox 1741 2635 1829 2693; x_wconf 89' lang='lat' dir='ltr'><strong>quem</strong></span> <span class='ocrx_word' id='word_1_321' title='bbox 1851 2628 1944 2691; x_wconf 89' lang='lat' dir='ltr'><strong>postea</strong></span> <span class='ocrx_word' id='word_1_322' title='bbox 1960 2618 2004 2673; x_wconf 75' lang='lat' dir='ltr'><strong>ru-</strong></span> 
     </span>
     <span class='ocr_line' id='line_1_58' title="bbox 1270 2702 2067 2780; baseline -0.008 -17"><span class='ocrx_word' id='word_1_323' title='bbox 1270 2706 1319 2764; x_wconf 82' lang='lat' dir='ltr'><strong>riae</strong></span> <span class='ocrx_word' id='word_1_324' title='bbox 1333 2705 1561 2764; x_wconf 78' lang='lat' dir='ltr'><strong>excitaverunt·</strong></span> <span class='ocrx_word' id='word_1_325' title='bbox 1578 2703 1639 2761; x_wconf 89' lang='lat' dir='ltr'><strong>Alia</strong></span> <span class='ocrx_word' id='word_1_326' title='bbox 1651 2702 1849 2779; x_wconf 90' lang='lat' dir='ltr'><strong>Apollodorus</strong></span> <span class='ocrx_word' id='word_1_327' title='bbox 1862 2704 1927 2780; x_wconf 84' lang='grc' dir='ltr'>(ΙΙΙ,</span> <span class='ocrx_word' id='word_1_328' title='bbox 1943 2722 1971 2773; x_wconf 81' lang='lat'><strong>7,</strong></span> <span class='ocrx_word' id='word_1_329' title='bbox 1982 2722 2003 2765; x_wconf 73' lang='lat' dir='ltr'><strong>ar</strong></span> <span class='ocrx_word' id='word_1_330' title='bbox 2066 2746 2067 2749; x_wconf 15' lang='grc' dir='ltr'>η</span> 
     </span>
     <span class='ocr_line' id='line_1_59' title="bbox 1270 2790 2069 2870; baseline -0.006 -21"><span class='ocrx_word' id='word_1_331' title='bbox 1270 2793 1358 2850; x_wconf 76' lang='lat' dir='ltr'><strong>refert</strong></span> <span class='ocrx_word' id='word_1_332' title='bbox 1366 2813 1378 2855; x_wconf 76' lang='grc' dir='ltr'><strong>,ε</strong></span> <span class='ocrx_word' id='word_1_333' title='bbox 1394 2792 1532 2870; x_wconf 77' lang='lat' dir='ltr'><strong>Epigonis</strong></span> <span class='ocrx_word' id='word_1_334' title='bbox 1544 2794 1629 2849; x_wconf 88' lang='lat' dir='ltr'><strong>deum</strong></span> <span class='ocrx_word' id='word_1_335' title='bbox 1643 2790 1860 2849; x_wconf 83' lang='lat' dir='ltr'><strong>consulentibus</strong></span> <span class='ocrx_word' id='word_1_336' title='bbox 1871 2790 1907 2848; x_wconf 92' lang='lat' dir='ltr'><strong>de</strong></span> <span class='ocrx_word' id='word_1_337' title='bbox 1920 2804 2003 2849; x_wconf 80' lang='lat' dir='ltr'><strong>eveutu</strong></span> <span class='ocrx_word' id='word_1_338' title='bbox 2068 2809 2069 2830; x_wconf 65' lang='lat' dir='ltr'><strong>t</strong></span> 
     </span>
    </p>
   </div>
   <div class='ocr_carea' id='block_1_22' title="bbox 1190 2859 2071 2956">
    <p class='ocr_par' dir='ltr' id='par_1_23' title="bbox 1190 2859 2071 2956">
     <span class='ocr_line' id='line_1_60' title="bbox 1190 2859 2071 2956; baseline -0.003 -20"><span class='ocrx_word' id='word_1_339' title='bbox 1190 2914 1195 2927; x_wconf 58' lang='grc' dir='ltr'><strong><em>ι</em></strong></span> <span class='ocrx_word' id='word_1_340' title='bbox 1271 2877 1461 2956; x_wconf 85' lang='lat' dir='ltr'><strong>expeditionis</strong></span> <span class='ocrx_word' id='word_1_341' title='bbox 1477 2876 1611 2936; x_wconf 83' lang='lat' dir='ltr'><strong>adversus</strong></span> <span class='ocrx_word' id='word_1_342' title='bbox 1628 2877 1741 2935; x_wconf 87' lang='lat' dir='ltr'><strong>Thebas</strong></span> <span class='ocrx_word' id='word_1_343' title='bbox 1759 2890 1899 2955; x_wconf 76' lang='lat' dir='ltr'><strong>suscepta</strong></span> <span class='ocrx_word' id='word_1_344' title='bbox 1911 2898 2005 2953; x_wconf 77' lang='lat' dir='ltr'><strong>respon</strong></span> <span class='ocrx_word' id='word_1_345' title='bbox 2069 2859 2071 2925; x_wconf 71' lang='lat' dir='ltr'><strong>l</strong></span> 
     </span>
    </p>
   </div>
   <div class='ocr_carea' id='block_1_23' title="bbox 1271 2961 2076 4360">
    <p class='ocr_par' dir='ltr' id='par_1_24' title="bbox 1271 2961 2076 4360">
     <span class='ocr_line' id='line_1_61' title="bbox 1271 2961 2073 3036; baseline -0.007 -11"><span class='ocrx_word' id='word_1_346' title='bbox 1271 2986 1333 3025; x_wconf 91' lang='lat' dir='ltr'><strong>snm</strong></span> <span class='ocrx_word' id='word_1_347' title='bbox 1348 2986 1428 3035; x_wconf 88' lang='lat' dir='ltr'><strong>esse,</strong></span> <span class='ocrx_word' id='word_1_348' title='bbox 1446 2966 1568 3023; x_wconf 83' lang='lat' dir='ltr'><strong>victores</strong></span> <span class='ocrx_word' id='word_1_349' title='bbox 1583 2965 1644 3022; x_wconf 89' lang='lat' dir='ltr'><strong>lore</strong></span> <span class='ocrx_word' id='word_1_350' title='bbox 1664 2964 1737 3023; x_wconf 88' lang='lat' dir='ltr'><strong>duce</strong></span> <span class='ocrx_word' id='word_1_351' title='bbox 1752 2968 1930 3036; x_wconf 79' lang='lat' dir='ltr'><strong>Alcmaeone3</strong></span> <span class='ocrx_word' id='word_1_352' title='bbox 1946 2966 2005 3023; x_wconf 81' lang='lat' dir='ltr'><strong>huot</strong></span> <span class='ocrx_word' id='word_1_353' title='bbox 2071 2961 2073 3015; x_wconf 65' lang='grc' dir='ltr'>ἶ</span> 
     </span>
     <span class='ocr_line' id='line_1_62' title="bbox 1272 3051 2075 3130; baseline -0.004 -19"><span class='ocrx_word' id='word_1_354' title='bbox 1272 3074 1355 3127; x_wconf 86' lang='lat' dir='ltr'><strong>vero,</strong></span> <span class='ocrx_word' id='word_1_355' title='bbox 1377 3064 1529 3129; x_wconf 73' lang='lat' dir='ltr'><strong>uniloquam</strong></span> <span class='ocrx_word' id='word_1_356' title='bbox 1550 3051 1588 3111; x_wconf 88' lang='lat' dir='ltr'><strong>de</strong></span> <span class='ocrx_word' id='word_1_357' title='bbox 1607 3066 1695 3111; x_wconf 86' lang='lat' dir='ltr'><strong>matre</strong></span> <span class='ocrx_word' id='word_1_358' title='bbox 1717 3054 1857 3130; x_wconf 83' lang='lat' dir='ltr'><strong>Eriphyla</strong></span> <span class='ocrx_word' id='word_1_359' title='bbox 1874 3052 2005 3111; x_wconf 80' lang='lat' dir='ltr'><strong>vindictam</strong></span> <span class='ocrx_word' id='word_1_360' title='bbox 2073 3061 2075 3127; x_wconf 57' lang='grc' dir='ltr'>ᾖ</span> 
     </span>
     <span class='ocr_line' id='line_1_63' title="bbox 1272 3142 2076 3220; baseline -0.001 -20"><span class='ocrx_word' id='word_1_361' title='bbox 1272 3142 1428 3214; x_wconf 84' lang='lat' dir='ltr'><strong>sumsisset,</strong></span> <span class='ocrx_word' id='word_1_362' title='bbox 1442 3142 1549 3198; x_wconf 88' lang='lat' dir='ltr'><strong>Graecis</strong></span> <span class='ocrx_word' id='word_1_363' title='bbox 1563 3160 1683 3218; x_wconf 84' lang='lat' dir='ltr'><strong>praeesse</strong></span> <span class='ocrx_word' id='word_1_364' title='bbox 1697 3142 1791 3220; x_wconf 89' lang='lat' dir='ltr'><strong>primo</strong></span> <span class='ocrx_word' id='word_1_365' title='bbox 1805 3143 1933 3208; x_wconf 85' lang='lat' dir='ltr'><strong>noluisse,</strong></span> <span class='ocrx_word' id='word_1_366' title='bbox 1946 3154 2005 3220; x_wconf 81' lang='lat' dir='ltr'><strong>post·</strong></span> <span class='ocrx_word' id='word_1_367' title='bbox 2075 3163 2076 3175; x_wconf 58' lang='lat'>¹</span> 
     </span>
     <span class='ocr_line' id='line_1_64' title="bbox 1271 3225 2006 3306; baseline 0 -18"><span class='ocrx_word' id='word_1_368' title='bbox 1271 3225 2006 3306; x_wconf 73' lang='lat' dir='ltr'><strong>eanihiloseciusadidbellumcnuiessissr.Actrpto</strong></span> 
     </span>
     <span class='ocr_line' id='line_1_65' title="bbox 1272 3317 2004 3394; baseline -0.003 -20"><span class='ocrx_word' id='word_1_369' title='bbox 1272 3319 1348 3376; x_wconf 70' lang='lat' dir='ltr'><strong>renim</strong></span> <span class='ocrx_word' id='word_1_370' title='bbox 1363 3317 1462 3376; x_wconf 90' lang='lat' dir='ltr'><strong>monili</strong></span> <span class='ocrx_word' id='word_1_371' title='bbox 1479 3337 1496 3375; x_wconf 83' lang='lat' dir='ltr'><strong>a</strong></span> <span class='ocrx_word' id='word_1_372' title='bbox 1512 3317 1698 3376; x_wconf 86' lang='lat' dir='ltr'><strong>&#39;l&#39;herssndro</strong></span> <span class='ocrx_word' id='word_1_373' title='bbox 1718 3317 1866 3394; x_wconf 80' lang='lat' dir='ltr'><strong>Polynicis</strong></span> <span class='ocrx_word' id='word_1_374' title='bbox 1886 3317 1938 3375; x_wconf 91' lang='lat' dir='ltr'><strong>lilio</strong></span> <span class='ocrx_word' id='word_1_375' title='bbox 1957 3319 2004 3372; x_wconf 80' lang='lat' dir='ltr'><strong>hri-</strong></span> 
     </span>
     <span class='ocr_line' id='line_1_66' title="bbox 1273 3403 2007 3484; baseline -0.008 -20"><span class='ocrx_word' id='word_1_376' title='bbox 1273 3407 1388 3484; x_wconf 88' lang='lat' dir='ltr'><strong>phylam</strong></span> <span class='ocrx_word' id='word_1_377' title='bbox 1406 3406 1491 3462; x_wconf 88' lang='lat' dir='ltr'><strong>etiam</strong></span> <span class='ocrx_word' id='word_1_378' title='bbox 1512 3405 1575 3462; x_wconf 88' lang='lat' dir='ltr'><strong>hliis</strong></span> <span class='ocrx_word' id='word_1_379' title='bbox 1596 3406 1787 3482; x_wconf 84' lang='lat' dir='ltr'><strong>persrrasisse,</strong></span> <span class='ocrx_word' id='word_1_380' title='bbox 1805 3417 1838 3462; x_wconf 92' lang='lat' dir='ltr'><strong>ot</strong></span> <span class='ocrx_word' id='word_1_381' title='bbox 1857 3403 2007 3482; x_wconf 81' lang='lat' dir='ltr'><strong>expeditioni</strong></span> 
     </span>
     <span class='ocr_line' id='line_1_67' title="bbox 1273 3491 2007 3570; baseline -0.007 -19"><span class='ocrx_word' id='word_1_382' title='bbox 1273 3513 1335 3552; x_wconf 90' lang='lat' dir='ltr'><strong>sese</strong></span> <span class='ocrx_word' id='word_1_383' title='bbox 1357 3491 1556 3570; x_wconf 84' lang='lat' dir='ltr'><strong>adjungerent.</strong></span> <span class='ocrx_word' id='word_1_384' title='bbox 1580 3497 1623 3551; x_wconf 84' lang='lat' dir='ltr'><strong>lto</strong></span> <span class='ocrx_word' id='word_1_385' title='bbox 1646 3491 1720 3551; x_wconf 81' lang='lat' dir='ltr'><strong>duce</strong></span> <span class='ocrx_word' id='word_1_386' title='bbox 1738 3493 1902 3552; x_wconf 79' lang='lat' dir='ltr'><strong>Alcmaeone</strong></span> <span class='ocrx_word' id='word_1_387' title='bbox 1923 3491 2007 3548; x_wconf 87' lang='lat' dir='ltr'><strong>bellun</strong></span> 
     </span>
     <span class='ocr_line' id='line_1_68' title="bbox 1272 3581 2007 3659; baseline -0.007 -17"><span class='ocrx_word' id='word_1_388' title='bbox 1272 3581 1418 3642; x_wconf 78' lang='lat' dir='ltr'><strong>Thebanis</strong></span> <span class='ocrx_word' id='word_1_389' title='bbox 1431 3583 1551 3640; x_wconf 89' lang='lat' dir='ltr'><strong>illotum.</strong></span> <span class='ocrx_word' id='word_1_390' title='bbox 1568 3583 1668 3640; x_wconf 85' lang='lat' dir='ltr'><strong>Multis</strong></span> <span class='ocrx_word' id='word_1_391' title='bbox 1677 3583 1801 3659; x_wconf 77' lang='lat' dir='ltr'><strong>egregiis</strong></span> <span class='ocrx_word' id='word_1_392' title='bbox 1813 3583 1893 3641; x_wconf 87' lang='lat' dir='ltr'><strong>lactis</strong></span> <span class='ocrx_word' id='word_1_393' title='bbox 1907 3583 1933 3640; x_wconf 88' lang='lat' dir='ltr'><strong>io</strong></span> <span class='ocrx_word' id='word_1_394' title='bbox 1944 3595 2007 3638; x_wconf 83' lang='lat' dir='ltr'><strong>utra·</strong></span> 
     </span>
     <span class='ocr_line' id='line_1_69' title="bbox 1273 3667 2008 3747; baseline -0.004 -21"><span class='ocrx_word' id='word_1_395' title='bbox 1273 3689 1329 3747; x_wconf 89' lang='lat' dir='ltr'><strong>que</strong></span> <span class='ocrx_word' id='word_1_396' title='bbox 1340 3682 1420 3746; x_wconf 90' lang='lat' dir='ltr'><strong>parte</strong></span> <span class='ocrx_word' id='word_1_397' title='bbox 1428 3668 1513 3726; x_wconf 91' lang='lat' dir='ltr'><strong>editis</strong></span> <span class='ocrx_word' id='word_1_398' title='bbox 1524 3670 1664 3729; x_wconf 85' lang='lat' dir='ltr'><strong>Tiresiam</strong></span> <span class='ocrx_word' id='word_1_399' title='bbox 1677 3684 1824 3747; x_wconf 89' lang='lat' dir='ltr'><strong>postremo</strong></span> <span class='ocrx_word' id='word_1_400' title='bbox 1833 3667 2008 3728; x_wconf 85' lang='lat' dir='ltr'><strong>Thebanosad</strong></span> 
     </span>
     <span class='ocr_line' id='line_1_70' title="bbox 1274 3756 2010 3835; baseline 0.004 -22"><span class='ocrx_word' id='word_1_401' title='bbox 1274 3757 1369 3834; x_wconf 82' lang='lat' dir='ltr'><strong>lugam</strong></span> <span class='ocrx_word' id='word_1_402' title='bbox 1385 3776 1449 3814; x_wconf 86' lang='lat' dir='ltr'><strong>curn</strong></span> <span class='ocrx_word' id='word_1_403' title='bbox 1467 3756 1609 3816; x_wconf 85' lang='lat' dir='ltr'><strong>uxoribus</strong></span> <span class='ocrx_word' id='word_1_404' title='bbox 1632 3769 1662 3816; x_wconf 88' lang='lat' dir='ltr'><strong>et</strong></span> <span class='ocrx_word' id='word_1_405' title='bbox 1675 3757 1775 3816; x_wconf 77' lang='lat' dir='ltr'><strong>liberis</strong></span> <span class='ocrx_word' id='word_1_406' title='bbox 1795 3759 2010 3835; x_wconf 76' lang='lat' dir='ltr'><strong>impulisse3quo</strong></span> 
     </span>
     <span class='ocr_line' id='line_1_71' title="bbox 1274 3843 2011 3925; baseline -0.001 -24"><span class='ocrx_word' id='word_1_407' title='bbox 1274 3844 1350 3901; x_wconf 84' lang='lat' dir='ltr'><strong>lueto</strong></span> <span class='ocrx_word' id='word_1_408' title='bbox 1361 3843 1460 3902; x_wconf 89' lang='lat' dir='ltr'><strong>urbem</strong></span> <span class='ocrx_word' id='word_1_409' title='bbox 1471 3857 1583 3921; x_wconf 85' lang='lat' dir='ltr'><strong>coptam</strong></span> <span class='ocrx_word' id='word_1_410' title='bbox 1593 3843 1795 3925; x_wconf 89' lang='lat' dir='ltr'><strong>direptamque</strong></span> <span class='ocrx_word' id='word_1_411' title='bbox 1806 3863 1878 3904; x_wconf 85' lang='lat' dir='ltr'><strong>esse.</strong></span> <span class='ocrx_word' id='word_1_412' title='bbox 1892 3845 2011 3904; x_wconf 78' lang='lat' dir='ltr'><strong>Alcman-</strong></span> 
     </span>
     <span class='ocr_line' id='line_1_72' title="bbox 1277 3931 2011 3990; baseline 0 -4"><span class='ocrx_word' id='word_1_413' title='bbox 1277 3949 1341 3988; x_wconf 88' lang='lat' dir='ltr'><strong>nem</strong></span> <span class='ocrx_word' id='word_1_414' title='bbox 1357 3949 1429 3988; x_wconf 85' lang='lat' dir='ltr'><strong>vero</strong></span> <span class='ocrx_word' id='word_1_415' title='bbox 1444 3931 1529 3988; x_wconf 88' lang='lat' dir='ltr'><strong>etiam</strong></span> <span class='ocrx_word' id='word_1_416' title='bbox 1551 3931 1689 3990; x_wconf 85' lang='lat' dir='ltr'><strong>adversus</strong></span> <span class='ocrx_word' id='word_1_417' title='bbox 1703 3952 1734 3990; x_wconf 88' lang='lat' dir='ltr'><strong>se</strong></span> <span class='ocrx_word' id='word_1_418' title='bbox 1749 3931 1826 3990; x_wconf 78' lang='lat' dir='ltr'><strong>«lona</strong></span> <span class='ocrx_word' id='word_1_419' title='bbox 1847 3952 1864 3990; x_wconf 87' lang='lat' dir='ltr'><strong>a</strong></span> <span class='ocrx_word' id='word_1_420' title='bbox 1880 3943 1962 3989; x_wconf 83' lang='lat' dir='ltr'><strong>nratre</strong></span> <span class='ocrx_word' id='word_1_421' title='bbox 1973 3951 2011 3986; x_wconf 83' lang='lat' dir='ltr'><strong>ac-</strong></span> 
     </span>
     <span class='ocr_line' id='line_1_73' title="bbox 1276 4017 2013 4097; baseline 0.003 -23"><span class='ocrx_word' id='word_1_422' title='bbox 1276 4029 1360 4094; x_wconf 89' lang='lat' dir='ltr'><strong>cepta</strong></span> <span class='ocrx_word' id='word_1_423' title='bbox 1369 4037 1430 4075; x_wconf 88' lang='lat' dir='ltr'><strong>esse</strong></span> <span class='ocrx_word' id='word_1_424' title='bbox 1440 4019 1571 4088; x_wconf 82' lang='lat' dir='ltr'><strong>sensisse,</strong></span> <span class='ocrx_word' id='word_1_425' title='bbox 1585 4018 1706 4096; x_wconf 86' lang='lat' dir='ltr'><strong>ideoque</strong></span> <span class='ocrx_word' id='word_1_426' title='bbox 1718 4019 1828 4097; x_wconf 73' lang='lat' dir='ltr'><strong>majore</strong></span> <span class='ocrx_word' id='word_1_427' title='bbox 1839 4017 2013 4096; x_wconf 73' lang='lat' dir='ltr'><strong>indignatione</strong></span> 
     </span>
     <span class='ocr_line' id='line_1_74' title="bbox 1274 4105 2012 4185; baseline 0.003 -25"><span class='ocrx_word' id='word_1_428' title='bbox 1274 4118 1443 4183; x_wconf 89' lang='lat' dir='ltr'><strong>correptum</strong></span> <span class='ocrx_word' id='word_1_429' title='bbox 1462 4105 1578 4164; x_wconf 82' lang='lat' dir='ltr'><strong>hortatu</strong></span> <span class='ocrx_word' id='word_1_430' title='bbox 1591 4109 1730 4184; x_wconf 87' lang='lat' dir='ltr'><strong>Apollinis</strong></span> <span class='ocrx_word' id='word_1_431' title='bbox 1744 4107 1910 4185; x_wconf 84' lang='lat' dir='ltr'><strong>Eriphylam</strong></span> <span class='ocrx_word' id='word_1_432' title='bbox 1922 4119 2012 4164; x_wconf 83' lang='lat' dir='ltr'><strong>autsc-</strong></span> 
     </span>
     <span class='ocr_line' id='line_1_75' title="bbox 1275 4193 2013 4269; baseline 0.004 -19"><span class='ocrx_word' id='word_1_433' title='bbox 1275 4194 1333 4251; x_wconf 90' lang='lat' dir='ltr'><strong>lum</strong></span> <span class='ocrx_word' id='word_1_434' title='bbox 1347 4206 1398 4251; x_wconf 86' lang='lat' dir='ltr'><strong>out</strong></span> <span class='ocrx_word' id='word_1_435' title='bbox 1408 4213 1473 4251; x_wconf 92' lang='lat' dir='ltr'><strong>curn</strong></span> <span class='ocrx_word' id='word_1_436' title='bbox 1493 4195 1580 4252; x_wconf 86' lang='lat' dir='ltr'><strong>lratre</strong></span> <span class='ocrx_word' id='word_1_437' title='bbox 1595 4193 1743 4253; x_wconf 71' lang='lat' dir='ltr'><strong>occidisse.</strong></span> <span class='ocrx_word' id='word_1_438' title='bbox 1755 4199 1859 4254; x_wconf 89' lang='lat' dir='ltr'><strong>Tuma</strong></span> <span class='ocrx_word' id='word_1_439' title='bbox 1874 4195 2013 4269; x_wconf 77' lang='lat' dir='ltr'><strong>Furiisag&#39;r</strong></span> 
     </span>
     <span class='ocr_line' id='line_1_76' title="bbox 1277 4281 2014 4360; baseline -0.003 -22"><span class='ocrx_word' id='word_1_440' title='bbox 1277 4293 1364 4340; x_wconf 90' lang='lat' dir='ltr'><strong>tatum</strong></span> <span class='ocrx_word' id='word_1_441' title='bbox 1380 4283 1504 4359; x_wconf 84' lang='lat' dir='ltr'><strong>primum</strong></span> <span class='ocrx_word' id='word_1_442' title='bbox 1526 4282 1558 4338; x_wconf 87' lang='lat' dir='ltr'><strong>in</strong></span> <span class='ocrx_word' id='word_1_443' title='bbox 1577 4281 1728 4340; x_wconf 84' lang='lat' dir='ltr'><strong>Arcadiam</strong></span> <span class='ocrx_word' id='word_1_444' title='bbox 1745 4283 1781 4342; x_wconf 89' lang='lat' dir='ltr'><strong>ad</strong></span> <span class='ocrx_word' id='word_1_445' title='bbox 1803 4284 1911 4342; x_wconf 87' lang='lat' dir='ltr'><strong>Oiclem</strong></span> <span class='ocrx_word' id='word_1_446' title='bbox 1930 4301 2014 4360; x_wconf 82' lang='lat' dir='ltr'><strong>perrr-</strong></span> 
     </span>
    </p>
   </div>
   <div class='ocr_carea' id='block_1_24' title="bbox 472 4368 2017 5588">
    <p class='ocr_par' dir='ltr' id='par_1_25' title="bbox 472 4368 2017 5588">
     <span class='ocr_line' id='line_1_77' title="bbox 472 4368 2013 4448; baseline -0.002 -19"><span class='ocrx_word' id='word_1_447' title='bbox 472 4383 521 4448; x_wconf 89' lang='lat' dir='ltr'><strong>pta</strong></span> <span class='ocrx_word' id='word_1_448' title='bbox 536 4370 599 4428; x_wconf 86' lang='lat' dir='ltr'><strong>luit.</strong></span> <span class='ocrx_word' id='word_1_449' title='bbox 612 4374 685 4429; x_wconf 90' lang='lat' dir='ltr'><strong>Sunt</strong></span> <span class='ocrx_word' id='word_1_450' title='bbox 697 4368 827 4447; x_wconf 81' lang='lat' dir='ltr'><strong>quaedam</strong></span> <span class='ocrx_word' id='word_1_451' title='bbox 843 4382 954 4439; x_wconf 85' lang='lat' dir='ltr'><strong>tamen,</strong></span> <span class='ocrx_word' id='word_1_452' title='bbox 968 4389 1032 4446; x_wconf 84' lang='lat' dir='ltr'><strong>quae</strong></span> <span class='ocrx_word' id='word_1_453' title='bbox 1044 4369 1155 4427; x_wconf 87' lang='lat' dir='ltr'><strong>etiamsi</strong></span> <span class='ocrx_word' id='word_1_454' title='bbox 1169 4389 1229 4428; x_wconf 87' lang='lat' dir='ltr'><strong>am-</strong></span> <span class='ocrx_word' id='word_1_455' title='bbox 1275 4369 1369 4438; x_wconf 90' lang='lat' dir='ltr'><strong>nisse,</strong></span> <span class='ocrx_word' id='word_1_456' title='bbox 1384 4368 1488 4427; x_wconf 88' lang='lat' dir='ltr'><strong>deinde</strong></span> <span class='ocrx_word' id='word_1_457' title='bbox 1502 4369 1675 4448; x_wconf 84' lang='lat' dir='ltr'><strong>Psophidem</strong></span> <span class='ocrx_word' id='word_1_458' title='bbox 1697 4370 1732 4428; x_wconf 82' lang='lat' dir='ltr'><strong>orl</strong></span> <span class='ocrx_word' id='word_1_459' title='bbox 1749 4371 1906 4447; x_wconf 85' lang='lat' dir='ltr'><strong>l’hegeum,</strong></span> <span class='ocrx_word' id='word_1_460' title='bbox 1926 4369 1959 4428; x_wconf 86' lang='lat' dir='ltr'><strong>ab</strong></span> <span class='ocrx_word' id='word_1_461' title='bbox 1970 4369 2013 4426; x_wconf 84' lang='lat' dir='ltr'><strong>hoe</strong></span> 
     </span>
     <span class='ocr_line' id='line_1_78' title="bbox 472 4455 2013 4536; baseline -0.002 -22"><span class='ocrx_word' id='word_1_462' title='bbox 472 4461 558 4536; x_wconf 85' lang='lat' dir='ltr'><strong>higua</strong></span> <span class='ocrx_word' id='word_1_463' title='bbox 568 4469 597 4514; x_wconf 90' lang='lat' dir='ltr'><strong>et</strong></span> <span class='ocrx_word' id='word_1_464' title='bbox 609 4457 715 4515; x_wconf 88' lang='lat' dir='ltr'><strong>incerta</strong></span> <span class='ocrx_word' id='word_1_465' title='bbox 727 4469 802 4527; x_wconf 90' lang='lat' dir='ltr'><strong>sunt,</strong></span> <span class='ocrx_word' id='word_1_466' title='bbox 812 4458 942 4535; x_wconf 89' lang='lat' dir='ltr'><strong>exiguam</strong></span> <span class='ocrx_word' id='word_1_467' title='bbox 953 4469 1046 4516; x_wconf 88' lang='lat' dir='ltr'><strong>tamen</strong></span> <span class='ocrx_word' id='word_1_468' title='bbox 1057 4456 1227 4534; x_wconf 85' lang='lat' dir='ltr'><strong>quibusdam</strong></span> <span class='ocrx_word' id='word_1_469' title='bbox 1276 4455 1391 4532; x_wconf 90' lang='lat' dir='ltr'><strong>piaculo</strong></span> <span class='ocrx_word' id='word_1_470' title='bbox 1422 4456 1582 4515; x_wconf 85' lang='lat' dir='ltr'><strong>exsolutum</strong></span> <span class='ocrx_word' id='word_1_471' title='bbox 1607 4459 1756 4517; x_wconf 85' lang='lat' dir='ltr'><strong>Arsinoam</strong></span> <span class='ocrx_word' id='word_1_472' title='bbox 1779 4458 1868 4535; x_wconf 84' lang='lat' dir='ltr'><strong>hujus</strong></span> <span class='ocrx_word' id='word_1_473' title='bbox 1888 4459 1966 4518; x_wconf 83' lang='lat' dir='ltr'><strong>liliam</strong></span> <span class='ocrx_word' id='word_1_474' title='bbox 1990 4457 2013 4513; x_wconf 86' lang='lat' dir='ltr'><strong>io</strong></span> 
     </span>
     <span class='ocr_line' id='line_1_79' title="bbox 472 4541 2012 4623; baseline -0.003 -21"><span class='ocrx_word' id='word_1_475' title='bbox 472 4545 559 4602; x_wconf 89' lang='lat' dir='ltr'><strong>rebus</strong></span> <span class='ocrx_word' id='word_1_476' title='bbox 576 4545 668 4602; x_wconf 91' lang='lat' dir='ltr'><strong>lucem</strong></span> <span class='ocrx_word' id='word_1_477' title='bbox 690 4544 859 4616; x_wconf 86' lang='lat' dir='ltr'><strong>aflundant,</strong></span> <span class='ocrx_word' id='word_1_478' title='bbox 878 4563 936 4620; x_wconf 88' lang='lat' dir='ltr'><strong>qua</strong></span> <span class='ocrx_word' id='word_1_479' title='bbox 961 4544 1044 4622; x_wconf 89' lang='lat' dir='ltr'><strong>plura</strong></span> <span class='ocrx_word' id='word_1_480' title='bbox 1064 4543 1229 4621; x_wconf 87' lang='lat' dir='ltr'><strong>conjectura</strong></span> <span class='ocrx_word' id='word_1_481' title='bbox 1276 4544 1490 4602; x_wconf 79' lang='lat' dir='ltr'><strong>nsotrinmnium</strong></span> <span class='ocrx_word' id='word_1_482' title='bbox 1505 4541 1631 4616; x_wconf 70' lang='lat' dir='ltr'><strong>duxisse</strong></span> <span class='ocrx_word' id='word_1_483' title='bbox 1642 4547 1726 4622; x_wconf 89' lang='lat' dir='ltr'><strong>eique</strong></span> <span class='ocrx_word' id='word_1_484' title='bbox 1739 4547 1846 4604; x_wconf 89' lang='lat' dir='ltr'><strong>monile</strong></span> <span class='ocrx_word' id='word_1_485' title='bbox 1860 4544 2012 4623; x_wconf 83' lang='lat' dir='ltr'><strong>peplunuyue</strong></span> 
     </span>
     <span class='ocr_line' id='line_1_80' title="bbox 473 4629 2014 4710; baseline -0.001 -22"><span class='ocrx_word' id='word_1_486' title='bbox 473 4633 594 4690; x_wconf 82' lang='lat' dir='ltr'><strong>tortasse</strong></span> <span class='ocrx_word' id='word_1_487' title='bbox 616 4632 749 4690; x_wconf 89' lang='lat' dir='ltr'><strong>illustrari</strong></span> <span class='ocrx_word' id='word_1_488' title='bbox 771 4645 900 4709; x_wconf 81' lang='lat' dir='ltr'><strong>possrmt.</strong></span> <span class='ocrx_word' id='word_1_489' title='bbox 916 4637 960 4689; x_wconf 89' lang='lat' dir='ltr'><strong>lta</strong></span> <span class='ocrx_word' id='word_1_490' title='bbox 982 4632 1060 4709; x_wconf 85' lang='lat' dir='ltr'><strong>opud</strong></span> <span class='ocrx_word' id='word_1_491' title='bbox 1083 4633 1228 4692; x_wconf 77' lang='lat' dir='ltr'><strong>stobaeum</strong></span> <span class='ocrx_word' id='word_1_492' title='bbox 1276 4629 1397 4689; x_wconf 85' lang='lat' dir='ltr'><strong>dedisse.</strong></span> <span class='ocrx_word' id='word_1_493' title='bbox 1410 4635 1510 4688; x_wconf 85' lang='lat' dir='ltr'><strong>Postea</strong></span> <span class='ocrx_word' id='word_1_494' title='bbox 1527 4650 1597 4690; x_wconf 87' lang='lat' dir='ltr'><strong>veru</strong></span> <span class='ocrx_word' id='word_1_495' title='bbox 1611 4652 1700 4710; x_wconf 90' lang='lat' dir='ltr'><strong>quum</strong></span> <span class='ocrx_word' id='word_1_496' title='bbox 1719 4631 1786 4690; x_wconf 90' lang='lat' dir='ltr'><strong>inde</strong></span> <span class='ocrx_word' id='word_1_497' title='bbox 1803 4633 1914 4710; x_wconf 76' lang='lat' dir='ltr'><strong>seuguer</strong></span> <span class='ocrx_word' id='word_1_498' title='bbox 1933 4631 2014 4706; x_wconf 81' lang='lat' dir='ltr'><strong>inopia</strong></span> 
     </span>
     <span class='ocr_line' id='line_1_81' title="bbox 472 4716 2016 4798; baseline 0.002 -21"><span class='ocrx_word' id='word_1_499' title='bbox 472 4721 662 4798; x_wconf 77' lang='lat' dir='ltr'><strong>fragmentum</strong></span> <span class='ocrx_word' id='word_1_500' title='bbox 674 4732 716 4778; x_wconf 89' lang='lat' dir='ltr'><strong>est</strong></span> <span class='ocrx_word' id='word_1_501' title='bbox 729 4720 871 4798; x_wconf 78' lang='lat' dir='ltr'><strong>(LXXIII,</strong></span> <span class='ocrx_word' id='word_1_502' title='bbox 884 4719 946 4796; x_wconf 76' lang='lat'><strong>5¹),</strong></span> <span class='ocrx_word' id='word_1_503' title='bbox 963 4741 1022 4796; x_wconf 88' lang='lat' dir='ltr'><strong>quo</strong></span> <span class='ocrx_word' id='word_1_504' title='bbox 1038 4721 1087 4778; x_wconf 85' lang='lat' dir='ltr'><strong>vix</strong></span> <span class='ocrx_word' id='word_1_505' title='bbox 1102 4721 1158 4778; x_wconf 90' lang='lat' dir='ltr'><strong>ulla</strong></span> <span class='ocrx_word' id='word_1_506' title='bbox 1173 4722 1229 4780; x_wconf 86' lang='lat' dir='ltr'><strong>alia</strong></span> <span class='ocrx_word' id='word_1_507' title='bbox 1276 4729 1304 4775; x_wconf 87' lang='lat' dir='ltr'><strong>et</strong></span> <span class='ocrx_word' id='word_1_508' title='bbox 1325 4718 1398 4774; x_wconf 84' lang='lat' dir='ltr'><strong>lame</strong></span> <span class='ocrx_word' id='word_1_509' title='bbox 1418 4716 1619 4791; x_wconf 82' lang='lat' dir='ltr'><strong>laboraretur,</strong></span> <span class='ocrx_word' id='word_1_510' title='bbox 1640 4719 1803 4798; x_wconf 87' lang='lat' dir='ltr'><strong>Apollinem</strong></span> <span class='ocrx_word' id='word_1_511' title='bbox 1829 4717 2016 4798; x_wconf 75' lang='lat' dir='ltr'><strong>respondisse.</strong></span> 
     </span>
     <span class='ocr_line' id='line_1_82' title="bbox 474 4792 2015 4885; baseline -0.004 -21"><span class='ocrx_word' id='word_1_512' title='bbox 474 4809 576 4865; x_wconf 84' lang='lat' dir='ltr'><strong>rrrrrlier</strong></span> <span class='ocrx_word' id='word_1_513' title='bbox 590 4807 760 4884; x_wconf 89' lang='lat' dir='ltr'><strong>intelligitur</strong></span> <span class='ocrx_word' id='word_1_514' title='bbox 778 4807 833 4864; x_wconf 89' lang='lat' dir='ltr'><strong>nisi</strong></span> <span class='ocrx_word' id='word_1_515' title='bbox 857 4807 1011 4885; x_wconf 88' lang='lat' dir='ltr'><strong>Eriphyla;</strong></span> <span class='ocrx_word' id='word_1_516' title='bbox 1034 4807 1230 4868; x_wconf 88' lang='lat' dir='ltr'><strong>deindelocus</strong></span> <span class='ocrx_word' id='word_1_517' title='bbox 1277 4805 1432 4864; x_wconf 70' lang='lat' dir='ltr'><strong>Alcmaeoni</strong></span> <span class='ocrx_word' id='word_1_518' title='bbox 1452 4805 1490 4863; x_wconf 86' lang='lat' dir='ltr'><strong>ad</strong></span> <span class='ocrx_word' id='word_1_519' title='bbox 1515 4807 1673 4865; x_wconf 85' lang='lat' dir='ltr'><strong>Acheroum</strong></span> <span class='ocrx_word' id='word_1_520' title='bbox 1700 4827 1761 4866; x_wconf 87' lang='lat' dir='ltr'><strong>esse</strong></span> <span class='ocrx_word' id='word_1_521' title='bbox 1788 4792 2015 4884; x_wconf 82' lang='lat' dir='ltr'><strong>commigrandum</strong></span> 
     </span>
     <span class='ocr_line' id='line_1_83' title="bbox 473 4893 2016 4973; baseline -0.003 -23"><span class='ocrx_word' id='word_1_522' title='bbox 473 4908 517 4953; x_wconf 86' lang='lat' dir='ltr'><strong>est</strong></span> <span class='ocrx_word' id='word_1_523' title='bbox 529 4893 693 4971; x_wconf 77' lang='lat' dir='ltr'><strong>Eriphylae,</strong></span> <span class='ocrx_word' id='word_1_524' title='bbox 705 4914 769 4972; x_wconf 81' lang='lat' dir='ltr'><strong>quae</strong></span> <span class='ocrx_word' id='word_1_525' title='bbox 784 4909 813 4952; x_wconf 94' lang='lat' dir='ltr'><strong>ut</strong></span> <span class='ocrx_word' id='word_1_526' title='bbox 826 4895 963 4971; x_wconf 82' lang='lat' dir='ltr'><strong>tragoedia</strong></span> <span class='ocrx_word' id='word_1_527' title='bbox 978 4894 1159 4968; x_wconf 88' lang='lat' dir='ltr'><strong>citator,ubi</strong></span> <span class='ocrx_word' id='word_1_528' title='bbox 1173 4903 1230 4954; x_wconf 92' lang='lat' dir='ltr'><strong>Ar·</strong></span> <span class='ocrx_word' id='word_1_529' title='bbox 1273 4893 1415 4970; x_wconf 86' lang='lat' dir='ltr'><strong>juxtaque</strong></span> <span class='ocrx_word' id='word_1_530' title='bbox 1434 4895 1552 4952; x_wconf 72' lang='lat' dir='ltr'><strong>lintrium</strong></span> <span class='ocrx_word' id='word_1_531' title='bbox 1574 4894 1639 4953; x_wconf 88' lang='lat' dir='ltr'><strong>urbi</strong></span> <span class='ocrx_word' id='word_1_532' title='bbox 1660 4897 1754 4952; x_wconf 91' lang='lat' dir='ltr'><strong>locum</strong></span> <span class='ocrx_word' id='word_1_533' title='bbox 1769 4896 1947 4973; x_wconf 72' lang='lat' dir='ltr'><strong>coquendum.</strong></span> <span class='ocrx_word' id='word_1_534' title='bbox 1960 4895 2016 4960; x_wconf 90' lang='lat' dir='ltr'><strong>Quo</strong></span> 
     </span>
     <span class='ocr_line' id='line_1_84' title="bbox 474 4979 2017 5059; baseline -0.001 -21"><span class='ocrx_word' id='word_1_535' title='bbox 474 4983 555 5059; x_wconf 82' lang='lat' dir='ltr'><strong>girus</strong></span> <span class='ocrx_word' id='word_1_536' title='bbox 571 4995 719 5041; x_wconf 90' lang='lat' dir='ltr'><strong>memorat.</strong></span> <span class='ocrx_word' id='word_1_537' title='bbox 733 4987 776 5042; x_wconf 84' lang='lat' dir='ltr'><strong>Ex</strong></span> <span class='ocrx_word' id='word_1_538' title='bbox 797 4982 841 5040; x_wconf 86' lang='lat' dir='ltr'><strong>his</strong></span> <span class='ocrx_word' id='word_1_539' title='bbox 860 4982 974 5040; x_wconf 74' lang='lat' dir='ltr'><strong>&lt;luobus</strong></span> <span class='ocrx_word' id='word_1_540' title='bbox 992 4981 1064 5040; x_wconf 85' lang='lat' dir='ltr'><strong>locis</strong></span> <span class='ocrx_word' id='word_1_541' title='bbox 1075 4983 1230 5042; x_wconf 84' lang='lat' dir='ltr'><strong>concludas</strong></span> <span class='ocrx_word' id='word_1_542' title='bbox 1278 4981 1352 5038; x_wconf 86' lang='lat' dir='ltr'><strong>lucto</strong></span> <span class='ocrx_word' id='word_1_543' title='bbox 1366 4979 1402 5037; x_wconf 86' lang='lat' dir='ltr'><strong>ab</strong></span> <span class='ocrx_word' id='word_1_544' title='bbox 1416 4981 1466 5039; x_wconf 89' lang='lat' dir='ltr'><strong>illo</strong></span> <span class='ocrx_word' id='word_1_545' title='bbox 1477 4982 1623 5059; x_wconf 81' lang='lat' dir='ltr'><strong>expiatum</strong></span> <span class='ocrx_word' id='word_1_546' title='bbox 1637 4981 1827 5043; x_wconf 83' lang='lat' dir='ltr'><strong>Callirrhoam</strong></span> <span class='ocrx_word' id='word_1_547' title='bbox 1840 4983 1923 5040; x_wconf 84' lang='lat' dir='ltr'><strong>liliam</strong></span> <span class='ocrx_word' id='word_1_548' title='bbox 1934 4981 2017 5038; x_wconf 71' lang='lat' dir='ltr'><strong>inuia</strong></span> 
     </span>
     <span class='ocr_line' id='line_1_85' title="bbox 475 5065 2015 5150; baseline -0.001 -22"><span class='ocrx_word' id='word_1_549' title='bbox 475 5070 642 5147; x_wconf 79' lang='lat' dir='ltr'><strong>Eriphylam</strong></span> <span class='ocrx_word' id='word_1_550' title='bbox 665 5069 857 5128; x_wconf 88' lang='lat' dir='ltr'><strong>introductam</strong></span> <span class='ocrx_word' id='word_1_551' title='bbox 874 5071 904 5129; x_wconf 96' lang='lat' dir='ltr'><strong>in</strong></span> <span class='ocrx_word' id='word_1_552' title='bbox 928 5068 1082 5147; x_wconf 89' lang='lat' dir='ltr'><strong>Epigonis,</strong></span> <span class='ocrx_word' id='word_1_553' title='bbox 1105 5072 1231 5150; x_wconf 82' lang='lat' dir='ltr'><strong>Argivo-</strong></span> <span class='ocrx_word' id='word_1_554' title='bbox 1278 5069 1443 5126; x_wconf 89' lang='lat' dir='ltr'><strong>trimooium</strong></span> <span class='ocrx_word' id='word_1_555' title='bbox 1460 5070 1613 5147; x_wconf 82' lang='lat' dir='ltr'><strong>accepisse.</strong></span> <span class='ocrx_word' id='word_1_556' title='bbox 1631 5073 1790 5128; x_wconf 84' lang='lat' dir='ltr'><strong>llaocrern</strong></span> <span class='ocrx_word' id='word_1_557' title='bbox 1806 5070 1918 5127; x_wconf 71' lang='lat' dir='ltr'><strong>monilis</strong></span> <span class='ocrx_word' id='word_1_558' title='bbox 1933 5065 2015 5146; x_wconf 78' lang='lat' dir='ltr'><strong>pepli·</strong></span> 
     </span>
     <span class='ocr_line' id='line_1_86' title="bbox 475 5151 2014 5236; baseline -0.004 -23"><span class='ocrx_word' id='word_1_559' title='bbox 475 5176 599 5234; x_wconf 88' lang='lat' dir='ltr'><strong>rumque</strong></span> <span class='ocrx_word' id='word_1_560' title='bbox 607 5157 817 5234; x_wconf 84' lang='lat' dir='ltr'><strong>expeditionem</strong></span> <span class='ocrx_word' id='word_1_561' title='bbox 830 5158 1108 5235; x_wconf 81' lang='lat' dir='ltr'><strong>Eriphylaemagnam</strong></span> <span class='ocrx_word' id='word_1_562' title='bbox 1120 5171 1229 5236; x_wconf 84' lang='lat' dir='ltr'><strong>portem</strong></span> <span class='ocrx_word' id='word_1_563' title='bbox 1278 5176 1334 5234; x_wconf 89' lang='lat' dir='ltr'><strong>que</strong></span> <span class='ocrx_word' id='word_1_564' title='bbox 1343 5155 1467 5216; x_wconf 90' lang='lat' dir='ltr'><strong>habendi</strong></span> <span class='ocrx_word' id='word_1_565' title='bbox 1475 5156 1818 5235; x_wconf 84' lang='lat' dir='ltr'><strong>cupidineemgitatam,a</strong></span> <span class='ocrx_word' id='word_1_566' title='bbox 1827 5151 2014 5215; x_wconf 73' lang='lat' dir='ltr'><strong>maritoutsihi</strong></span> 
     </span>
     <span class='ocr_line' id='line_1_87' title="bbox 475 5241 2014 5324; baseline -0.001 -22"><span class='ocrx_word' id='word_1_567' title='bbox 475 5242 644 5303; x_wconf 84' lang='lat' dir='ltr'><strong>obtinuisse.</strong></span> <span class='ocrx_word' id='word_1_568' title='bbox 657 5245 690 5302; x_wconf 91' lang='lat' dir='ltr'><strong>ld</strong></span> <span class='ocrx_word' id='word_1_569' title='bbox 702 5264 771 5303; x_wconf 85' lang='lat' dir='ltr'><strong>vero</strong></span> <span class='ocrx_word' id='word_1_570' title='bbox 780 5246 841 5302; x_wconf 86' lang='lat' dir='ltr'><strong>lieri</strong></span> <span class='ocrx_word' id='word_1_571' title='bbox 853 5265 912 5302; x_wconf 92' lang='lat' dir='ltr'><strong>non</strong></span> <span class='ocrx_word' id='word_1_572' title='bbox 926 5245 1032 5323; x_wconf 90' lang='lat' dir='ltr'><strong>potuit,</strong></span> <span class='ocrx_word' id='word_1_573' title='bbox 1042 5245 1095 5302; x_wconf 89' lang='lat' dir='ltr'><strong>nisi</strong></span> <span class='ocrx_word' id='word_1_574' title='bbox 1109 5258 1231 5323; x_wconf 83' lang='lat' dir='ltr'><strong>utraque</strong></span> <span class='ocrx_word' id='word_1_575' title='bbox 1280 5259 1433 5324; x_wconf 87' lang='lat' dir='ltr'><strong>utrumque</strong></span> <span class='ocrx_word' id='word_1_576' title='bbox 1444 5245 1559 5305; x_wconf 83' lang='lat' dir='ltr'><strong>ollerret</strong></span> <span class='ocrx_word' id='word_1_577' title='bbox 1573 5248 1739 5323; x_wconf 86' lang='lat' dir='ltr'><strong>postulasse.</strong></span> <span class='ocrx_word' id='word_1_578' title='bbox 1755 5247 1900 5319; x_wconf 85' lang='lat' dir='ltr'><strong>Quocirca</strong></span> <span class='ocrx_word' id='word_1_579' title='bbox 1910 5245 1942 5302; x_wconf 86' lang='lat' dir='ltr'><strong>ad</strong></span> <span class='ocrx_word' id='word_1_580' title='bbox 1956 5241 2014 5300; x_wconf 80' lang='lat' dir='ltr'><strong>Phr·</strong></span> 
     </span>
     <span class='ocr_line' id='line_1_88' title="bbox 477 5329 2014 5412; baseline -0.002 -22"><span class='ocrx_word' id='word_1_581' title='bbox 477 5329 613 5408; x_wconf 69' lang='lat' dir='ltr'><strong>tragedia</strong></span> <span class='ocrx_word' id='word_1_582' title='bbox 625 5331 726 5388; x_wconf 82' lang='lat' dir='ltr'><strong>eorlem</strong></span> <span class='ocrx_word' id='word_1_583' title='bbox 748 5345 917 5410; x_wconf 85' lang='lat' dir='ltr'><strong>argumento</strong></span> <span class='ocrx_word' id='word_1_584' title='bbox 933 5332 1040 5410; x_wconf 87' lang='lat' dir='ltr'><strong>scripta</strong></span> <span class='ocrx_word' id='word_1_585' title='bbox 1063 5345 1133 5391; x_wconf 85' lang='lat' dir='ltr'><strong>erat.</strong></span> <span class='ocrx_word' id='word_1_586' title='bbox 1147 5333 1231 5408; x_wconf 88' lang='lat' dir='ltr'><strong>Quod</strong></span> <span class='ocrx_word' id='word_1_587' title='bbox 1278 5352 1361 5410; x_wconf 89' lang='lat' dir='ltr'><strong>geum</strong></span> <span class='ocrx_word' id='word_1_588' title='bbox 1374 5333 1486 5392; x_wconf 83' lang='lat' dir='ltr'><strong>venisse</strong></span> <span class='ocrx_word' id='word_1_589' title='bbox 1502 5335 1586 5412; x_wconf 88' lang='lat' dir='ltr'><strong>eique</strong></span> <span class='ocrx_word' id='word_1_590' title='bbox 1604 5335 1686 5392; x_wconf 84' lang='lat' dir='ltr'><strong>lacile</strong></span> <span class='ocrx_word' id='word_1_591' title='bbox 1707 5335 1855 5394; x_wconf 77' lang='lat' dir='ltr'><strong>nreudacio</strong></span> <span class='ocrx_word' id='word_1_592' title='bbox 1870 5355 1900 5394; x_wconf 83' lang='lat' dir='ltr'><strong>se</strong></span> <span class='ocrx_word' id='word_1_593' title='bbox 1917 5333 1960 5391; x_wconf 85' lang='lat' dir='ltr'><strong>illa</strong></span> <span class='ocrx_word' id='word_1_594' title='bbox 1971 5347 2014 5384; x_wconf 88' lang='lat' dir='ltr'><strong>or·</strong></span> 
     </span>
     <span class='ocr_line' id='line_1_89' title="bbox 475 5417 2013 5500; baseline -0.001 -25"><span class='ocrx_word' id='word_1_595' title='bbox 475 5438 566 5496; x_wconf 82' lang='lat' dir='ltr'><strong>cyuum</strong></span> <span class='ocrx_word' id='word_1_596' title='bbox 579 5417 617 5476; x_wconf 90' lang='lat' dir='ltr'><strong>sit</strong></span> <span class='ocrx_word' id='word_1_597' title='bbox 631 5438 689 5475; x_wconf 91' lang='lat' dir='ltr'><strong>non</strong></span> <span class='ocrx_word' id='word_1_598' title='bbox 703 5418 1047 5496; x_wconf 88' lang='lat' dir='ltr'><strong>probabile,credihilius</strong></span> <span class='ocrx_word' id='word_1_599' title='bbox 1058 5433 1102 5478; x_wconf 85' lang='lat' dir='ltr'><strong>est</strong></span> <span class='ocrx_word' id='word_1_600' title='bbox 1117 5421 1164 5480; x_wconf 89' lang='lat' dir='ltr'><strong>illa</strong></span> <span class='ocrx_word' id='word_1_601' title='bbox 1178 5441 1233 5480; x_wconf 89' lang='lat' dir='ltr'><strong>no·</strong></span> <span class='ocrx_word' id='word_1_602' title='bbox 1279 5433 1410 5480; x_wconf 84' lang='lat' dir='ltr'><strong>tramenta</strong></span> <span class='ocrx_word' id='word_1_603' title='bbox 1432 5423 1551 5500; x_wconf 86' lang='lat' dir='ltr'><strong>Delphis</strong></span> <span class='ocrx_word' id='word_1_604' title='bbox 1571 5421 1770 5482; x_wconf 85' lang='lat' dir='ltr'><strong>dedicaturum</strong></span> <span class='ocrx_word' id='word_1_605' title='bbox 1799 5437 1828 5480; x_wconf 90' lang='lat' dir='ltr'><strong>et</strong></span> <span class='ocrx_word' id='word_1_606' title='bbox 1847 5421 1912 5481; x_wconf 87' lang='lat' dir='ltr'><strong>inde</strong></span> <span class='ocrx_word' id='word_1_607' title='bbox 1932 5419 2013 5476; x_wconf 81' lang='lat' dir='ltr'><strong>lurore</strong></span> 
     </span>
     <span class='ocr_line' id='line_1_90' title="bbox 476 5504 2013 5588; baseline 0.003 -23"><span class='ocrx_word' id='word_1_608' title='bbox 476 5509 551 5565; x_wconf 88' lang='lat' dir='ltr'><strong>mina</strong></span> <span class='ocrx_word' id='word_1_609' title='bbox 565 5504 649 5564; x_wconf 89' lang='lat' dir='ltr'><strong>unius</strong></span> <span class='ocrx_word' id='word_1_610' title='bbox 663 5505 807 5585; x_wconf 74' lang='lat' dir='ltr'><strong>tragedia·</strong></span> <span class='ocrx_word' id='word_1_611' title='bbox 820 5507 916 5566; x_wconf 86' lang='lat' dir='ltr'><strong>titulos</strong></span> <span class='ocrx_word' id='word_1_612' title='bbox 938 5507 1033 5566; x_wconf 83' lang='lat' dir='ltr'><strong>luisse.</strong></span> <span class='ocrx_word' id='word_1_613' title='bbox 1050 5507 1169 5567; x_wconf 84' lang='lat' dir='ltr'><strong>Accedit</strong></span> <span class='ocrx_word' id='word_1_614' title='bbox 1190 5509 1229 5568; x_wconf 82' lang='lat' dir='ltr'><strong>la·</strong></span> <span class='ocrx_word' id='word_1_615' title='bbox 1274 5509 1425 5569; x_wconf 86' lang='lat' dir='ltr'><strong>liberatum</strong></span> <span class='ocrx_word' id='word_1_616' title='bbox 1441 5507 1476 5568; x_wconf 87' lang='lat' dir='ltr'><strong>iri</strong></span> <span class='ocrx_word' id='word_1_617' title='bbox 1495 5512 1680 5588; x_wconf 86' lang='lat' dir='ltr'><strong>persuasisse,</strong></span> <span class='ocrx_word' id='word_1_618' title='bbox 1697 5523 1728 5570; x_wconf 85' lang='lat' dir='ltr'><strong>ut</strong></span> <span class='ocrx_word' id='word_1_619' title='bbox 1742 5511 1882 5570; x_wconf 75' lang='lat' dir='ltr'><strong>redderet.</strong></span> <span class='ocrx_word' id='word_1_620' title='bbox 1904 5509 2013 5584; x_wconf 68' lang='lat' dir='ltr'><strong>l&#39;htgffl</strong></span> 
     </span>
    </p>
   </div>
   <div class='ocr_carea' id='block_1_25' title="bbox 0 0 2323 6420">
    <p class='ocr_par' dir='ltr' id='par_1_26' title="bbox 0 0 2323 6420">
     <span class='ocr_line' id='line_1_91' title="bbox 0 0 2323 6420; baseline 0 0"><span class='ocrx_word' id='word_1_621' title='bbox 0 0 2323 6420; x_wconf 95' lang='lat' dir='ltr'><strong> </strong></span> 
     </span>
    </p>
   </div>
  </div>
 </body>
</html>
