4567 6425
664 741 666 746 ·
727 702 933 761 'llttxllltnl

513 834 622 892 ἐνταῦθα
635 830 666 903 δή
681 831 796 908 μάλιστα
809 830 956 911 ταρύήσαά
969 832 1033 910 ἔχοι.

514 920 561 988 Ἐξ
574 911 603 978 οὗ
617 918 667 1001 γάρ
681 918 743 977 ἔκτα
757 920 838 985 κεῖνος
849 918 945 999 Ἰφίτου
962 918 1033 999 βίον,

512 1012 588 1083 ἡμεῖς
602 1002 649 1083 μὲν
663 1008 689 1064 ἓν
702 1007 816 1085 Τραχῖνι
829 1007 885 1085 τῇδ’
900 1004 1041 1065 ἀνάστατοι

459 1115 486 1153 tn
514 1093 575 1174 ξένῳ
588 1093 650 1172 παρ’
665 1092 738 1173 ἀνδρί
753 1092 871 1167 ναίομεν·
885 1101 966 1159 κεῖνος
980 1094 1004 1150 δ’
1017 1092 1084 1152 ὅπου
1152 1162 1155 1168 Α

512 1181 622 1259 βέθηκεν
634 1180 716 1246 οὐδεὶς
728 1171 791 1239 οἶδε·
811 1178 881 1252 πλὴν
897 1179 955 1257 ἐμοὶ
968 1180 1064 1261 πικράς

512 1270 604 1334 ὠδῖνας
618 1270 695 1326 αὐτοῦ
710 1264 867 1348 προσύαλὼν
882 1267 1030 1345 ἀποίχεται·

514 1354 604 1427 σχεδὸν
620 1354 643 1412 δ’
656 1352 801 1429 ἐπίσταμαί
814 1377 839 1411 τι
852 1352 919 1427 πῆμ’
933 1352 1027 1431 ἔχοντά
1038 1377 1084 1413 νιν,

510 1442 608 1522 Χρόνον
622 1439 673 1521 γάρ
687 1440 745 1519 οθχί
761 1440 843 1519 βαιὸν,
859 1443 917 1497 ἀλλ’
931 1440 982 1512 ήδη
997 1440 1061 1500 δέκα

457 1554 482 1587 ιι
510 1534 593 1606 μῆνας
606 1526 669 1608 πρὸς
683 1528 771 1594 ἄλλοις
784 1526 855 1585 πέντ’
869 1528 1013 1608 ἀκήρυκτος
1028 1528 1109 1606 μένει.

514 1618 613 1677 Κάστιν
626 1640 651 1675 τι
666 1617 746 1675 δεινδν
758 1621 849 1693 πῆμα·
863 1616 985 1688 τοιαύτην
1001 1618 1059 1695 ἐμοὶ

509 1705 596 1765 δέλτον
610 1707 693 1764 λιπὼν
706 1704 821 1784 ἔστειχε,
834 1704 882 1776 τήν
897 1704 950 1782 ἐγὼ
962 1705 1035 1783 θαμά

506 1800 570 1860 θεοῖς
582 1796 687 1874 ἀρῶμαι
700 1798 820 1868 πημονῆς
834 1792 896 1873 ἄτερ
910 1792 1010 1853 λαθεῖν.

731 1897 926 1943 θΕΡΑΠΑΙΝΑ.

506 1969 636 2029 Δέσποινα
651 1965 783 2047 Δῃάνειρα
794 1966 897 2035 ,πολλὰ
914 1965 961 2043 μέν
975 1968 1000 2025 σ’
1015 1965 1066 2043 ἐγὼ

455 2081 482 2118 τι)
508 2059 626 2117 κατεῖδον
639 2056 691 2126 ήδη
706 2053 866 2135 πανδάκρυτ’
881 2054 1017 2134 ὀδύρματα

478 708 532 763 [³¹8

509 2147 554 2217 τήν
569 2144 724 2223 Ἡράκλειον
736 2141 819 2209 ἔξοδον
831 2142 980 2219 γοονμένην·

505 2240 550 2292 νῦν
563 2235 595 2304 δ’,
609 2234 633 2289 εί
647 2229 744 2288 δίκαιον
756 2226 816 2295 τοὺς
827 2228 974 2309 ἐλευθέρους
986 2234 1093 2309 ρρενοῦν

507 2318 637 2398 γνώμαισι
650 2316 768 2387 δούλαις,
782 2314 852 2391 κάμὲ
866 2315 919 2394 χρὴ
934 2316 1033 2397 ρράσαι
1047 2315 1137 2374 τόσον·

504 2412 560 2472 πῶς
574 2404 651 2464 παισὶ
665 2402 712 2479 μὲν
725 2405 842 2462 τοσοῖσδε
855 2404 992 2476 πληθύεις,
1007 2403 1074 2487 ἀτάρ

454 2519 480 2556 ns
507 2494 598 2573 ἀνδρὸς
609 2490 678 2553 κατὰ
692 2489 797 2562 ζήτησιν
812 2493 842 2548 οὐ
856 2492 968 2570 πέμπεις
983 2490 1057 2567 τινθι,

508 2583 624 2661 μάλιστα
636 2581 659 2638 δ’
671 2580 749 2659 ὅνπερ
763 2579 830 2645 εἰκὸς
842 2578 952 2653 Ἰλλον,
964 2583 986 2639 εί
997 2580 1094 2660 πατρὸς

505 2668 578 2745 νέμοι
591 2668 639 2726 τιν’
653 2665 723 2747 ι’·ἰραν
737 2672 783 2724 τοῦ
798 2669 885 2735 καλῶς
897 2667 1025 2747 πράσσειν
1039 2670 1137 2738 δοκεῖν;

505 2754 601 2835 Ἐγγύς
614 2758 636 2815 δ’
651 2754 688 2815 ὅδ’
704 2754 781 2822 αὐτὸς
795 2755 919 2834 ἀρτίπους
932 2755 1043 2836 θριύσκει
1058 2756 1167 2834 δόμοθς,

503 2844 566 2905 ὥστ’
581 2844 605 2904 εἴ
616 2844 642 2903 τί
655 2865 696 2902 σοι
710 2843 773 2923 πρὸς
784 2842 874 2924 καιρὸν
890 2844 1003 2902 ἐννέπειν
1017 2845 1099 2914 δοκῶ,

452 2955 479 2993 to
503 2932 614 3013 πάρεστι
627 2934 741 3012 χρῆσθαι
754 2931 844 3007 τάνδρὶ
856 2932 908 2996 τοῖς
919 2936 943 2988 τ’
957 2934 1029 3008 ἐμοῖς
1039 2930 1132 3009 λόγοις.

734 3032 915 3077 ΔΗΙΑΝΕΙΡΑ.

503 3097 540 3166 Ὦ
553 3104 651 3173 τέκνον,
664 3093 761 3172 ὦπαῖ,
777 3101 826 3168 κάξ
844 3102 991 3176 ἀγεννήτων
1006 3103 1058 3184 άρα

504 3196 581 3272 μῦθοι
592 3193 678 3257 καλῶς
691 3189 840 3249 πίπτουσιν·
854 3190 901 3261 ἥδε
915 3189 967 3272 γάρ
981 3190 1046 3269 γυνή

504 3281 582 3352 δούλη
596 3277 653 3357 μὲν,
667 3277 768 3358 εἴρηκεν
783 3278 804 3334 δ’
818 3277 950 3359 ἐλεύθερον
962 3280 1048 3358 λόγον.

772 3391 880 3438 ΥΔΛΟΣ.

505 3465 600 3542 Ποῖον;
615 3461 728 3539 δίδαξον,
744 3466 843 3541 μῆτερ,
858 3465 881 3520 εί
896 3463 1006 3522 διδακτά
1021 3487 1075 3541 μοι.

734 3573 915 3619 ΔΗΙΑΝΕΙΡΑ.

449 3670 477 3708 to
504 3645 540 3708 Σὲ
554 3644 653 3726 πατρὸς
666 3643 734 3702 σύτο)
748 3643 825 3724 δαρὸν
839 3643 998 3721 ἐξενιοιμένου

502 3735 532 3794 τ“ο
547 3735 584 3812 μή
598 3733 724 3792 πυθέσθαι
737 3738 787 3791 ποῦ
802 3733 866 3790 ’στιν
882 3732 1010 3813 αἰσχύνην
1025 3734 1123 3816 φέρειν.

771 3845 882 3892 ΥΔΑΟΣ.

503 3918 571 3978 Ἀλλ’
584 3908 655 3988 οἶδα,
668 3915 758 3994 μύθοις
771 3916 796 3975 εί
808 3942 833 3975 τι
846 3917 978 3976 πιστεύειν
990 3918 1085 3999 χρεών.

687 4037 691 4050 “
733 4029 919 4074 ΔΗΙΑΝΕΙΡΑ.

499 4099 553 4160 Καὶ
565 4104 616 4158 ποῦ
630 4097 716 4166 κλύεις
730 4123 778 4173 νιν,
792 4099 891 4172 τέκνον,
905 4101 1024 4180 ἱδρῦσθαι
1038 4101 1142 4181 χθονύςς

768 4211 876 4254 ΥΛΔΟΣ.

500 4283 552 4343 Τὸν
565 4279 612 4358 μὲν
626 4279 782 4360 παρελθόντ’
795 4280 887 4360 άροτον
900 4284 927 4339 ἐν
942 4281 1021 4358 μήκει
1035 4283 1128 4365 χρόνου

446 4391 473 4431 7o
498 4371 571 4447 Λυδῇ
586 4367 689 4446 γυναικί
702 4367 767 4448 puni
779 4391 818 4425 νιν
833 4368 925 4450 λάτριν
938 4379 1033 4428 πονεῖν,

727 4480 909 4526 ΔΗΙΑΝΕΙΡΑ.

497 4555 557 4611 Πᾶν
570 4549 664 4623 τοίνυν,
680 4553 702 4608 εἶ
716 4550 762 4608 κοιί
773 4551 843 4610 τοῦτ’
858 4551 934 4625 ἔτλη,
948 4554 1021 4614 κλύοι
1035 4579 1073 4623 τις
1088 4556 1130 4616 άν.

783 4665 894 4710 ΥΛΛΟΣ.

473 4734 541 4792 Ἀλλ’
558 4733 688 4814 ἐξαρεῖται
702 4733 777 4792 τοῦδέ
790 4735 825 4812 γ’,
838 4739 873 4802 ὡς
887 4734 938 4812 ἐγὼ
952 4737 1032 4798 κλύω.

734 4848 915 4894 ΔΗΙΑΝΕΙΡΑ.

500 4919 558 4976 Ποῦ
572 4919 637 4988 δῆτα
652 4923 696 4975 νῦν
710 4921 760 4986 ζῶν
773 4917 790 4990 θ,
805 4917 889 4977 θανὼν
902 4919 1071 4998 ἀγγέλλεταις

763 5031 873 5077 runos.
994 5016 998 5026 “

501 5099 614 5158 Etesiis
625 5099 714 5180 χώραν
729 5102 817 5183 pasin,
833 5101 950 5182 Εὐρύτου
964 5103 1050 5178 πολιν,

446 5204 472 5243 ta
496 5187 690 5266 ἐπιστρατεύειν
705 5188 824 5262 αθτδν,ῆ
840 5191 945 5268 μέλλειν
960 5190 1008 5252 ἔτι.

733 5303 916 5349 ΔΗΙΑΝΕΙΡΑ.

493 5359 551 5450 Ἆρ’
568 5360 642 5428 οἶσθα
656 5372 720 5444 δῆτ’,
735 5364 757 5430 ὦ
770 5373 867 5447 τέκνον,
882 5379 917 5442 ὡς
930 5374 1020 5434 ἔλειπί
1030 5401 1074 5454 μοι

498 5461 608 5532 μαντεῖα
621 5457 701 5516 πιστά
715 5463 794 5530 τῆσδε
808 5466 854 5531 τῆς
867 5463 955 5542 χώρας
968 5463 1042 5542 πέρι;

1532 712 1770 776 Tusculum.

1266 842 1312 893 boo
1325 825 1462 908 temporeis
1474 862 1512 899 rue
1523 851 1627 901 maxime
1638 853 1765 901 conturbat
1777 854 1855 903 metus.

1296 935 1331 981 Ex
1345 947 1393 995 quo
1404 934 1467 983 enim
1479 936 1518 985 ille
1532 937 1637 1000 Iphitum
1648 939 1696 988 leto
1709 939 1788 1001 dedit,
1800 954 1841 989 nos
1850 942 1931 1003 quidun
1940 944 1969 991 ln
1981 944 1997 991 in

1264 1017 1380 1069 Trachine
1390 1025 1497 1072 extorres
1509 1024 1625 1088 hospitem
1637 1026 1700 1089 sputi
1712 1027 1789 1076 virum
1799 1028 1917 1077 babitauus
1927 1044 1933 1077 :
1943 1036 1962 1077 at
1970 1031 1998 1077 ille

1265 1106 1305 1155 ubi
1316 1108 1347 1156 sit
1356 1121 1426 1157 neme
1436 1112 1503 1159 norit
1514 1126 1520 1159 :

1294 1194 1337 1243 sed
1349 1196 1407 1245 milri
1420 1199 1511 1249 aoerbia
1518 1198 1548 1247 de
1565 1212 1590 1248 se
1602 1201 1666 1249 σιιτίι
1677 1201 1770 1262 iniectis
1785 1202 1853 1261 abiit;
1867 1203 1946 1265 pinque
1959 1212 1995 1264 pro

1264 1280 1391 1347 pemodum
1403 1284 1453 1331 scio
1463 1284 1518 1333 mali
1530 1284 1619 1348 aliquid
1633 1286 1741 1335 evenisse
1751 1286 1792 1335 illi

1293 1449 1362 1497 Haud
1378 1450 1442 1501 enim
1458 1451 1531 1501 breve
1546 1456 1658 1517 tempus,
1672 1454 1714 1503 sed
1728 1454 1778 1516 Jam
1794 1418 1915 1519 quindecim
1929 1470 1999 1505 οιιιιεο

1262 1535 1343 1597 abest,
1356 1538 1422 1587 nullo
1436 1538 1465 1589 de
1475 1553 1500 1587 se
1515 1540 1599 1589 nuntio
1615 1542 1697 1591 missu

1296 1616 1325 1662 Et
1335 1614 1420 1663 accidit
1428 1616 1532 1677 prolecto
1539 1619 1618 1679 gravis
1624 1619 1679 1681 quis
1685 1632 1757 1669 castas
1766 1635 1772 1668 :
1781 1620 1838 1669 tales
1846 1621 1905 1684 (qne
1911 1624 1936 1669 at
1942 1636 1998 1681 prun

1263 1683 1329 1746 quid
1342 1688 1507 1734 extirnesenm
1513 1686 1638 1747 fuciunt)
1651 1689 1691 1739 ille
1704 1690 1761 1739 nribi
1771 1691 1887 1741 ‹liscaslens
1894 1692 1968 1753 reliquit
1976 1700 1997 1739 υ

1262 1752 1350 1813 bellas,
1367 1769 1427 1817 quas
1445 1760 1472 1805 ut
1490 1756 1581 1819 absque
1597 1772 1659 1807 noxa
1676 1762 1821 1823 aeoeperim,
1838 1761 1890 1811 dem
1903 1760 1998 1809 ilentiieu

1262 1836 1353 1886 precor.

1292 1978 1354 2025 llera
1367 1977 1491 2038 Deianira,
1506 1912 1754 2043 ιιιοθίἀήύίάεΗδςο
1762 1985 1787 2031 te
1798 1982 1845 2031 ridi
1853 1982 1997 2045 jamduduub

1261 2064 1342 2113 animis
1356 2064 1512 2127 lamentisque
1523 2067 1632 2117 lleremis
1643 2068 1733 2117 abitum
1743 2068 1907 2132 deputarem:

1292 2249 1356 2284 nune
1363 2250 1429 2298 vero,
1437 2236 1457 2285 si
1463 2238 1499 2287 las
1506 2240 1543 2287 est
1551 2238 1792 2289 servilibusoonsilils
1800 2240 1951 2290 οοιιιιιιοοιθοιί
1958 2241 1996 2289 litu

1261 2336 1308 2385 ros,
1317 2323 1374 2372 mibi
1386 2338 1482 2386 qnoque
1493 2325 1612 2374 metallum
1624 2325 1753 2375 dicendum
1765 2332 1808 2377 est

1292 2415 1371 2469 Quum
1383 2414 1420 2461 tot
1435 2411 1517 2461 liberis
1531 2412 1652 2473 abundes,
1665 2427 1707 2462 cur
1718 2428 1793 2463 unum
1807 2429 1835 2465 ex
1847 2416 1874 2465 iis
1886 2429 1924 2465 σοι
1933 2414 1997 2469 nib.

1261 2498 1301 2560 qui
1312 2498 1435 2561 oorrjngern
1446 2503 1514 2549 tuum
1524 2500 1662 2563 investiget,
1672 2502 1777 2552 menime
1786 2516 1841 2553 nero
1850 2504 1996 2565 llqbuuquu

1261 2600 1302 2649 per
1314 2588 1351 2636 est
1363 2591 1414 2645 tre,
1433 2589 1452 2638 si
1464 2602 1547 2638 euram
1557 2588 1661 2651 aliquam
1672 2594 1739 2652 gerat
1749 2590 1838 2653 patris,
1848 2605 1876 2641 ao
1885 2590 1950 2641 surus
1960 2602 1998 2637 ose

1261 2671 1384 2721 vitientur?

1290 2763 1378 2809 Εισοιιι
1394 2765 1474 2809 autern
1487 2761 1538 2823 ipse
1557 2776 1604 2811 ιιοιι
1616 2761 1687 2824 longe
1702 2777 1720 2813 α
1735 2764 1807 2814 nobis
1818 2766 1907 2815 θοιιιιιοι
1917 2768 1995 2825 nawa!

1259 2846 1328 2896 celeri
1339 2846 1413 2910 pede:
1424 2860 1498 2911 quare
1506 2849 1526 2897 si
1537 2848 1595 2912 qnid
1604 2850 1646 2899 tibi
1656 2856 1817 2915 opportunum
1824 2848 1995 2909 drensitant·

1259 2938 1298 2983 oet
1308 2940 1332 2984 et
1343 2934 1395 2995 ejus
1405 2936 1521 2997 operanti
1532 2936 1639 3000 meisque
1649 2938 1767 2989 suasibus.

1548 3044 1707 3087 DEleillA.

1291 3113 1389 3170 Onate,
1400 3123 1415 3159 o
1425 3110 1472 3170 nti,
1482 3111 1520 3159 sel
1530 3112 1669 3174 ignobilium
1683 3127 1716 3161 ex
1726 3128 1770 3163 ore
1780 3126 1894 3165 sennense
1903 3112 1947 3161 ιαθ
1957 3122 1994 3171 pu·
2053 3180 2054 3185 Ἰ

1259 3196 1332 3246 dsunt
1344 3213 1350 3246 :
1363 3197 1449 3248 mulier
1460 3199 1523 3248 enim
1538 3200 1632 3262 bucce,
1647 3215 1716 3250 servs
1728 3194 1994 3266 quinqueremibus
2053 3190 2054 3202 ¹

1258 3286 1350 3335 elocuta
1359 3290 1397 3335 est
1406 3285 1505 3335 dictum.

1582 3405 1713 3446 nunnus.
1833 3457 1837 3464 Ι

1289 3471 1380 3528 Quale?
1389 3471 1426 3520 iae
1435 3472 1522 3532 seiam,
1533 3477 1618 3533 mater,
1631 3473 1651 3522 si
1663 3471 1722 3522 mibi
1733 3474 1768 3524 las
1778 3475 1846 3526 seire.

1563 3587 1724 3630 natantes.
1950 3653 1952 3658 Ι

1288 3654 1358 3702 Patro
1374 3657 1423 3700 tam
1437 3653 1478 3702 diu
1493 3667 1589 3717 peregre
1601 3655 1712 3715 absente,
1733 3655 1868 3706 indeeornrn
1878 3665 1923 3704 esse
1933 3651 1963 3700 ni
1977 3649 1995 3692 θ

1257 3753 1304 3788 non
1314 3739 1433 3802 inquirere
1446 3741 1487 3790 ubi
1499 3741 1539 3792 sit.

1582 3859 1708 3902 fluetus

1287 3929 1317 3973 ¹lt
1328 3925 1397 3986 nost,
1410 3925 1479 3974 lnmae
1490 3926 1511 3974 si
1522 3939 1570 3988 qua
1579 3927 1638 3977 tides
1650 3929 1758 3980 habenda
1770 3939 1817 3982 est.

1564 4043 1723 4086 bellttum.

1287 4111 1316 4157 lit
1328 4108 1383 4169 nbi,
1397 4123 1493 4172 quaeso,
1506 4115 1622 4160 terrarum
1636 4113 1705 4162 audis
1716 4128 1787 4176 eum,
1802 4115 1845 4174 sili,
1859 4105 1984 4162 enumerari?

1285 4243 1353 4334 ΙΑοιιο
1362 4284 1459 4346 quidem
1468 4219 1721 4348 ριιοιοτίιοῗθάἀάἀιδ
1731 4292 1836 4353 tempore
1847 4287 1918 4349 lydia
1926 4275 1994 4331 meai

1255 4372 1350 4422 servitia
1361 4373 1439 4421 ostiola
1452 4373 1534 4423 secisse
1547 4388 1603 4424 eum
1617 4375 1751 4438 perbibent

1561 4491 1721 4534 obtamus.

1285 4555 1394 4615 Quodvis
1406 4557 1487 4620 igitur,
1500 4558 1555 4608 siet
1565 4559 1610 4608 boe
1621 4561 1749 4623 sustinuit,
1761 4561 1847 4624 aliquis
1855 4555 1948 4608 audient

1582 4673 1712 4716 nunnus·

1284 4745 1314 4789 At
1327 4739 1430 4789 emissus
1442 4743 1478 4790 est
1492 4741 1536 4790 bac
1546 4746 1682 4800 seruitute,
1694 4748 1722 4792 ut
1731 4758 1775 4806 ego
1785 4744 1860 4794 ιιιιθο.

1563 4863 1721 4906 uelantur.

1284 4927 1330 4978 Ubi
1341 4941 1407 4977 nune
1418 4941 1474 4992 ergo
1483 4929 1554 4980 vivus
1565 4936 1607 4980 ant
1616 4931 1677 4982 adeo
1687 4939 1798 4984 mortuus
1807 4929 1918 4981 nuntiatnr
1927 4919 1978 4972 τιν’

1284 5119 1399 5168 Eubmam
1409 5121 1529 5181 regionem
1540 5054 1762 5186 urcffniheffljuque
1774 5123 1854 5172 ιιτΙιειιι
1862 5117 1937 5168 irrlmto
1944 5117 1991 5158 ern·

1252 5207 1300 5255 ritu
1310 5219 1366 5255 eum
1377 5209 1469 5270 petere,
1481 5213 1522 5257 ant
1535 5210 1558 5258 in
1570 5225 1598 5258 eo
1609 5211 1688 5260 aribus
1699 5223 1764 5269 esse,
1775 5211 1805 5258 ut
1811 5207 1888 5270 petat.

1634 5354 1639 5367 .
1654 5327 1664 5366 l
1709 5354 1716 5366 .

1283 5389 1374 5438 Nostin'
1385 5403 1453 5452 sero,
1463 5407 1478 5442 ο
1489 5397 1544 5443 uste
1551 5327 1713 5458 ,ΙήΙίοΙιάωἸήη
1724 5393 1753 5444 de
1763 5393 1807 5441 1120
1816 5389 1900 5450 mptum
1910 5375 1956 5430 mili
1966 5387 1989 5420 n·

1252 5475 1320 5538 liquit
1330 5477 1440 5527 oracula?
