4567 6425
433 724 490 779 22⁰

431 846 488 912 robe
502 842 617 925 ἄρρενας.
641 847 737 914 Quum
757 856 825 897 vero
846 846 958 893 constet
971 834 1090 893 chorum
1104 832 1187 891 initio

990 702 1165 765 AEscttlat
1184 701 1427 761 attollente

1237 834 1275 890 Et
1284 831 1436 909 conjuncta
1445 852 1509 890 curn
1523 833 1567 891 bis
1579 833 1708 906 luerunt,
1720 854 1787 913 quae
1795 835 1879 894 babet
1887 831 1974 896 Strabo

433 945 541 992 tacente
550 928 644 989 Nioba
655 929 742 986 multa
755 924 899 992 cecinisse,
911 920 978 979 huic
988 920 1110 977 sortasse
1122 938 1188 975 ver-
1232 918 1429 996 superioribus
1442 918 1595 996 subjuncta
1609 941 1617 976 ι

432 1042 490 1091 sus,
506 1021 529 1078 si
546 1030 612 1077 strat
624 1016 762 1093 AEschyli,
779 1010 941 1072 vindicandi
958 1021 1039 1080 sunt,
1052 1009 1101 1086 qui
1112 1006 1189 1085 apud

432 1106 614 1167 Plutarchum
634 1104 768 1182 leguntur
784 1098 969 1167 inconsolat.
990 1096 1026 1154 ad
1044 1096 1137 1174 Apoll.
1160 1114 1190 1172 p.

438 1198 506 1259 116,
522 1192 700 1269 maximeque
719 1190 795 1247 illius
813 1186 884 1246 sorti
902 1184 1066 1244 miserrimae
1082 1202 1191 1241 eonve-

435 1281 516 1337 niunt
527 1300 534 1335 ι

565 1369 647 1447 [168]
664 1370 731 1433 Οὐκ
753 1365 798 1432 ἀεὶ
818 1366 971 1432 θαλέθοντι
984 1364 1040 1447 βίῳ

568 1471 716 1556 βλάσταις
732 1476 842 1538 τέκνων
866 1469 1027 1561 βριθομένα

565 1580 705 1670 γλυκερὸν
723 1577 801 1667 palo<
816 1581 916 1668 ὁρῶσα
933 1579 1031 1639 τελευ-
1050 1626 1053 1633 .

566 1689 660 1759 τήσει.

437 1796 616 1851 llermanuus
628 1810 727 1849 versus
741 1790 777 1847 ab
794 1788 928 1864 AEschylo
942 1787 1064 1863 scriptos
1078 1805 1139 1841 csse
1151 1803 1197 1841 tto·

435 1894 491 1957 gat.
505 1886 648 1952 Quattuor
660 1877 809 1936 ordinibus
819 1896 951 1933 versuum
961 1876 1084 1931 recitatis
1100 1871 1196 1930 Niobe

435 1990 499 2027 cum
514 1970 603 2025 ehoro
617 1968 756 2025 collocuta
766 1986 827 2022 esse
839 1964 959 2020 videtur.
977 1968 1042 2032 Quo
1055 1961 1197 2019 referendi

436 2069 502 2115 sunt
516 2075 613 2113 versus
627 2054 704 2131 apud
717 2055 862 2112 Platonem
874 2052 929 2127 (De
945 2070 1006 2125 rep.
1022 2053 1074 2115 Ill,
1091 2070 1117 2123 p.
1130 2050 1197 2123 391,

437 2146 470 2221 lt)
486 2158 514 2201 et
527 2143 630 2220 partim
642 2162 689 2219 ap.
704 2138 873 2199 Strabonem
887 2140 965 2215 (llll,
977 2156 1004 2212 p.
1021 2137 1087 2211 580)
1102 2136 1197 2194 relati:

594 2248 676 2326 [169]
703 2247 744 2312 Οἱ
760 2247 832 2311 θεῶν
847 2243 1046 2337 ἀγχίσποροι,

491 2356 516 2419 oi
535 2353 627 2429 Ζηνὸς
642 2352 744 2444 ἐγγὺς,
763 2344 805 2427 oie
819 2355 886 2415 κατ’
905 2334 1005 2414 idaiae
1020 2347 1118 2441 ποίγον

492 2458 556 2534 Διὸς
571 2459 713 2546 πατρῴου
734 2455 834 2547 βωμός
854 2456 916 2521 ἐστ’
934 2457 964 2519 έν
978 2451 1083 2545 αἰθέρι,

492 2564 595 2628 κοῦπω
607 2584 673 2649 opo
688 2554 823 2636 ἐξίτηλον
838 2554 913 2650 αἷμα
930 2550 1091 2649 δαιμόνων.

440 2678 480 2730 lta
498 2670 590 2729 Niobe
606 2683 711 2729 sortem
732 2689 813 2728 suam
837 2668 906 2727 llens
929 2668 1025 2727 locuta
1051 2679 1104 2739 est,
1121 2666 1199 2744 quod

441 2758 544 2817 Strabo
559 2770 696 2816 testatur:
710 2756 785 2828 Φησὶ
796 2754 846 2835 γὰρ
857 2754 942 2825 ἐκείνη
958 2753 1074 2832 (Niobe)
1086 2752 1200 2831 μνησθή-

441 2851 531 2905 σεσθαι
544 2849 595 2905 τῶν
611 2845 670 2927 περ]
683 2844 830 2917 Τάνταλον,
840 2834 888 2908 Οἷς
899 2843 925 2900 ἐν
939 2840 1025 2921 Ἰδαίῳ
1038 2839 1116 2922 παίγιρ
1125 2844 1157 2900 Δ.
1169 2863 1199 2900 π.

443 2936 468 3010 β.
483 2936 547 2991 ἐστι.
567 2936 622 3011 (Sic
636 2934 712 2993 eninr
727 2953 774 3011 ap.
788 2952 854 2991 eum
876 2931 988 3007 legitur,
1012 2950 1057 3007 ap.
1079 2930 1150 2990 Plat.
1163 2920 1200 2988 bv

441 3021 498 3079 κατ’
507 3022 552 3079 Ἰδ.
560 3022 603 3081 hd
619 3021 671 3079 hos
683 3040 781 3078 versus
791 3019 916 3097 respexit
928 3018 1070 3075 Lucianus
1083 3021 1200 3075 Encom.

442 3109 587 3167 Deutosth.
604 3129 629 3165 c.
646 3106 797 3185 ι3ι11ιν1ᾳ
819 3104 932 3186 σώρρσνι
949 3106 1001 3160 τῶν
1016 3106 1117 3184 ψυχῶν,
1141 3102 1201 3162 ὅσαι

441 3196 524 3265 Ζηνὸς
537 3194 611 3272 ἐγγὺς
626 3197 672 3255 καί
685 3198 749 3254 θεῶν
763 3194 929 3275 ἀγχίσποροι,
940 3192 1018 3274 ρησὶν
1030 3198 1044 3254 ὁ
1057 3192 1199 3274 τραγικός]

443 3286 550 3342 Deinde
564 3285 599 3341 ad
619 3284 689 3343 illud
704 3305 768 3340 cum
783 3285 872 3341 choro
887 3283 1060 3359 colloquium
1081 3284 1200 3340 reseram

441 3374 561 3448 glossam
575 3371 651 3448 apud
661 3371 831 3446 Hesychium
842 3394 848 3428 ι
858 3370 938 3448 [170]
950 3397 961 3422 ι
971 3369 1115 3450 ’11μορές,ν
1128 3368 1201 3443 κενή,

1392 1019 1474 1107 [tw]
1493 1028 1623 1096 Σίπυλον
1642 1014 1748 1095 Ῐθαίαν
1761 1026 1821 1095 deti

1338 1132 1443 1224 χθόνα.

1236 1256 1295 1312 Nec
1317 1265 1411 1312 tannen
1428 1256 1508 1314 lacile
1528 1257 1592 1331 quis
1607 1276 1667 1332 quo
1679 1255 1827 1313 reserenda
1840 1257 1896 1313 sint
1910 1256 1979 1314 dixe·

1238 1341 1283 1396 rit.
1294 1342 1456 1400 Verisimile
1469 1364 1505 1401 ex
1519 1344 1568 1411 iis,
1583 1364 1648 1419 quae
1663 1344 1870 1427 Aristophanes
1882 1345 1980 1414 retulit,

1238 1448 1299 1484 esse
1313 1428 1444 1488 videatur
1455 1432 1579 1489 Niobam
1592 1444 1728 1507 quattuor
1740 1451 1874 1488 versuum
1883 1430 1979 1489 ordini·

1239 1516 1292 1574 bus
1307 1538 1324 1575 a
1340 1518 1430 1577 ehoro
1447 1521 1572 1578 recitatis
1594 1521 1737 1578 silentium
1756 1521 1867 1597 rupisse
1881 1540 1933 1576 uon
1944 1522 1980 1576 in·

1241 1607 1418 1665 terreniente
1440 1626 1515 1665 nota
1540 1627 1672 1685 ρετεοπα,
1696 1608 1729 1665 ld
1742 1608 1818 1665 eninr
1843 1609 1867 1664 si
1891 1609 1981 1663 lachim

1240 1706 1329 1763 esset,
1347 1696 1551 1771 Aristophanes
1568 1694 1700 1753 versibus
1720 1696 1775 1753 illis
1791 1696 1890 1772 procul
1907 1695 1981 1751 dubio

1240 1780 1402 1841 indicasset.
1413 1788 1514 1859 Neque
1525 1804 1595 1840 vero
1601 1796 1725 1853 constat,
1739 1782 1887 1859 ‹patoniodo
1897 1782 1982 1839 deinde

1242 1883 1327 1946 poeta
1362 1872 1526 1948 tragoediam
1553 1872 1742 1942 continuarit,
1770 1871 1824 1927 nisi
1849 1871 1982 1927 Tantalum

1242 1958 1338 2033 paullo
1354 1970 1419 2034 post
1431 1959 1502 2017 illud
1522 1959 1698 2035 colloquium
1718 1957 1911 2015 introductum
1933 1978 1984 2015 esse

1241 2064 1370 2115 censeas,
1382 2046 1464 2121 ciijus
1477 2047 1606 2103 maximae
1615 2060 1697 2104 erant
1711 2060 1805 2124 partes
1816 2047 1846 2103 iu
1857 2046 1983 2121 tragedia.

1242 2132 1295 2188 llic
1304 2133 1537 2191 coimadrenieus
1546 2134 1707 2192 felicitatem
1715 2136 1928 2211 suarnexposuit
1935 2154 1985 2190 ver·

1241 2217 1336 2289 sibus,
1346 2240 1420 2295 quos
1430 2221 1507 2279 idem
1519 2220 1622 2280 Strabo
1631 2223 1649 2280 l.
1662 2242 1687 2279 c.
1699 2220 1832 2279 servavit.
1844 2222 1901 2291 Qui
1910 2241 1986 2297 quarn

1242 2310 1372 2384 corrupti
1392 2309 1450 2367 sint
1469 2310 1647 2387 multumque
1667 2310 1801 2368 torserint
1815 2309 1987 2385 interpretes,

1242 2393 1283 2450 sic
1297 2392 1415 2453 sortasse
1423 2395 1567 2454 scribendi
1580 2408 1666 2454 sunt:

1268 2510 1479 2603 [173]Σπείρω
1494 2504 1523 2578 θ’
1534 2510 1661 2603 ἄρουραν
1671 2502 1901 2604 δώδεχ’ἠμερῶν
1916 2506 1989 2593 ὁδὸν,

1269 2620 1437 2701 Βερέκυντα
1452 2623 1560 2707 χῶρον,
1580 2618 1637 2684 ἔνθ’
1655 2606 1846 2709 Ᾱθραστείας
1860 2611 1945 2700 ἔθος,

1269 2721 1375 2815 οίγέλαι
1396 2747 1429 2787 τε
1443 2723 1623 2813 μυκτθμσῖσι
1636 2720 1687 2787 καὶ
1708 2726 1896 2814 βρυχίμασιν

1270 2831 1392 2919 έρπουσι
1405 2830 1591 2918 μηλων,πᾶν
1614 2818 1645 2893 θ’
1664 2829 1821 2918 ἐποχεῖται
1838 2821 1939 2895 πίθον.

1248 2956 1313 3008 llaec
1328 2963 1398 3007 teste
1412 2950 1563 3008 Plutarcho
1574 2951 1683 3007 Tantali
1694 2951 1782 3009 verba
1795 2966 1877 3023 snut,
1901 2954 1947 3029 qui
1963 2972 1991 3007 ea

1246 3038 1448 3116 proculdubio
1468 3059 1526 3095 noo
1546 3038 1603 3095 suis
1626 3040 1774 3116 exposuit,
1795 3040 1904 3117 quibus
1927 3040 1990 3096 born

1244 3128 1320 3184 illins
1344 3127 1441 3203 ignota
1464 3146 1522 3183 non
1536 3127 1667 3199 luerunt,
1684 3128 1733 3184 sed
1752 3130 1925 3206 peregrinis,
1937 3128 1992 3203 qni-

1246 3213 1314 3286 bns,
1329 3226 1361 3271 ut
1372 3225 1438 3270 nota
1450 3227 1551 3280 essent,
1559 3215 1613 3272 ista
1622 3220 1789 3292 exponenda
1803 3230 1891 3275 erant.
1904 3221 1994 3291 ltaque

1245 3301 1352 3360 Thebis
1361 3302 1414 3358 ista
1428 3302 1506 3358 illum
1524 3302 1629 3360 dixisse
1645 3323 1767 3360 censeas.
1778 3306 1913 3381 (Initium,
1924 3303 1993 3362 Σπεί-

1247 3411 1284 3469 ρω
1333 3394 1429 3467 χῶρον,
1442 3389 1528 3446 refert
1537 3391 1622 3462 etiam
1637 3390 1806 3448 Plutarchus
1816 3397 1888 3449 Mor.
1897 3411 1925 3468 p.
1937 3393 1995 3448 oo.

443 3459 617 3538 ἐστερημένη·
635 3457 764 3535 Αἰσχύλος
785 3456 877 3536 Νιόὸῃ.
892 3459 968 3516 Dicit
978 3457 1079 3516 orbato
1098 3479 1128 3515 se
1141 3480 1204 3518 esse
1225 3487 1229 3546 γ
1247 3483 1281 3548 Α,
1296 3489 1325 3533 tq
1340 3479 1406 3547 778,
1417 3481 1446 3533 B.
1462 3481 1494 3533 v,
1509 3481 1525 3534 3
1540 3497 1586 3554 aq„
1597 3477 1692 3535 smb·
1710 3493 1753 3535 est
1764 3478 1836 3541 Ἴδης
1852 3477 1878 3536 δ]
1893 3501 1961 3554 ,Μ’
1971 3496 1993 3532 ,χ

443 3547 598 3603 intersectis
620 3544 724 3602 liberis.
740 3548 895 3604 Consulens
910 3555 970 3604 eant
994 3547 1134 3623 simulque
1150 3567 1202 3605 ex·
1225 3561 1229 3581 ¹
1249 3575 1263 3630 γ,
1278 3572 1329 3620 πᾶν
1345 3563 1366 3621 3·
1382 3562 1415 3642 (δ’
1431 3565 1537 3621 „mum
1551 3584 1624 3621 unus
1638 3565 1712 3640 004)
1727 3567 1839 3646 5?qu
1853 3566 1910 3624 duo
1922 3565 1996 3622 codd.

441 3653 559 3702 cusans,
580 3653 631 3689 cur
651 3633 753 3690 audeat
765 3631 883 3690 Niobam
899 3633 1019 3708 alloqui,
1036 3635 1074 3690 ait
1094 3633 1202 3692 Chorus·

443 3719 510 3776 ittuo
538 3718 616 3796 quod
639 3720 801 3778 continetur
821 3720 897 3796 apud
919 3720 1120 3779 Philostratum
1145 3722 1202 3778 Vit.

442 3806 535 3883 Apoll.
562 3811 611 3878 lV,
638 3810 683 3878 16,
708 3827 735 3884 p,
763 3807 814 3873 ιθ]
837 3808 943 3876 Olear,
970 3808 999 3864 in
1020 3807 1063 3864 his
1087 3807 1202 3867 verbis:

443 3892 522 3952 ’λλλέι
536 3891 583 3965 σθ,
598 3892 768 3966 Ἀπολλώνιε,
783 3901 870 3974 aequit
882 3891 931 3974 γθιρ
939 3893 1001 3973 πρὸς
1009 3891 1100 3974 σοροὺς
1108 3892 1202 3965 ἐπιτή-

443 3981 513 4054 deta,
534 3987 580 4039 τοῦ
593 3980 714 4061 ποτέρου
733 3981 913 4058 έπιμαλήθητι.
929 3981 1065 4038 Macellus
1091 4001 1203 4039 versum

441 4089 476 4126 ex
496 4067 620 4142 AEscbyli
635 4065 729 4126 Nioba
750 4078 896 4145 sumptum
910 4065 1014 4124 esseio
1034 4080 1203 4143 argumento

441 4155 543 4232 capitis
550 4155 671 4232 scripsit
680 4152 1058 4214 Hermannusverbaistaita
1065 4156 1206 4213 correxita

629 4261 676 4344 [rt
687 4263 712 4339 t]
730 4265 775 4341 Ως
790 4269 908 4354 σοφοῖσι
924 4263 995 4356 πρὸς
1010 4263 1116 4353 σοροὺς

496 4367 560 4432 ἐστὶ
579 4359 699 4438 audrie·

568 4629 629 4680 Non
643 4639 750 4694 semper
768 4557 882 4679 delibante
901 4625 956 4678 vita

566 4703 691 4775 progenie
700 4703 846 4758 liberorum
858 4703 1008 4759 exuberans

565 4793 642 4857 grata
653 4783 743 4840 aetatis
757 4783 867 4840 fortuna
880 4783 959 4838 beata

566 4861 720 4920 occumbet.

790 4947 853 4996 tou.

926 5009 986 5065 Diis
1001 5009 1120 5080 proxime
1135 5009 1203 5078 nati,

497 5087 572 5144 lotis
586 5087 740 5160 propinqui,
753 5103 869 5158 quorum
881 5088 908 5142 in
922 5088 997 5143 illato
1011 5089 1109 5144 vertice

500 5167 574 5223 lovis
585 5167 663 5238 patrii
677 5183 722 5222 ara
736 5175 823 5223 exstat
834 5169 861 5223 in
873 5168 983 5234 atton,

498 5243 651 5317 nequedum
665 5245 731 5317 ipsis
741 5243 850 5317 san'gals
861 5245 974 5302 deorum
989 5246 1108 5302 evanuit.

795 5327 828 5377 tt
837 5328 860 5377 l.

1248 3651 1386 3732 ἐρέχθων.)
1402 3651 1514 3710 Deinde
1534 3672 1593 3709 oon
1614 3653 1653 3710 ita
1676 3654 1767 3710 multo
1782 3667 1847 3732 post
1868 3654 1995 3732 (pee’iil-

1247 3760 1293 3816 γον
1318 3739 1410 3816 inquit
1432 3740 1599 3798 Plutarchus
1613 3745 1657 3798 De
1685 3741 1772 3799 exilio
1789 3763 1817 3820 p.
1840 3745 1907 3815 603,
1925 3744 1954 3817 A}
1972 3742 1996 3797 hi

1247 3845 1346 3885 versus
1359 3828 1450 3886 secuti
1464 3839 1530 3885 sunt
1543 3850 1550 3883 :

1248 3961 1330 4040 [tttl
1349 3963 1451 4053 Οὑμὸς
1470 3953 1504 4028 di
1524 3964 1643 4051 πότμος
1664 3967 1779 4054 οὐρανῷ
1795 3975 1890 4054 κυρῶν
1908 3961 1966 4029 ἅνω

1301 4061 1384 4158 ἔραζε
1398 4067 1503 4134 πίπτει
1519 4066 1572 4133 καί
1590 4093 1627 4158 με
1639 4075 1808 4158 προσρωνεῑ
1818 4061 1905 4134 τάδε·

1300 4174 1446 4264 γίγνωσκε
1464 4173 1654 4263 τάνθρώπεια
1671 4177 1712 4262 μὴ
1727 4169 1823 4238 σέθειν
1843 4171 1930 4266 οἷγαν.

1251 4295 1388 4372 (Prinuon
1400 4316 1514 4353 versum
1526 4296 1651 4354 restituit
1665 4301 1819 4362 Porsouus,
1833 4317 1920 4373 ‹qirum
1932 4297 2004 4364 lepe-

1255 4394 1335 4439 retur
1349 4381 1428 4459 θυριθς
1449 4381 1477 4440 δέ
1493 4383 1552 4440 ποθ’
1565 4383 1630 4458 ἁμὸς
1651 4385 1718 4463 obp.)
1734 4383 1844 4442 Deinde
1861 4397 2004 4462 postquam

1596 4557 1652 4608 tta

1656 4593 1662 4605 Ι
1687 4635 1813 4708 Sipylum
1827 4635 1856 4691 in
1868 4636 1939 4692 toea

1379 4713 1473 4779 terra.

1596 4803 1660 4854 173.

1249 4887 1315 4941 sero
1325 4901 1388 4942 arra
1401 4885 1546 4942 duodeetm
1562 4884 1669 4942 dierum
1682 4886 1789 4950 itinere,

1248 4966 1438 5038 Berecyntium
1462 4981 1574 5038 apum,
1596 4965 1644 5021 ubi
1661 4965 1794 5022 Adrastea
1813 4964 1892 5021 sedes
1913 4961 2006 5019 babet.

1250 5062 1397 5120 gregesque
1408 5046 1558 5118 mugitibus
1567 5054 1596 5101 et
1610 5045 1748 5102 balatibus

1248 5125 1380 5183 iueeduut
1391 5125 1483 5182 orium
1493 5134 1622 5197 totusque
1634 5140 1747 5197 campus
1755 5133 1927 5198 permeatur.
1978 5175 1985 5186 .

1596 5222 1662 5272 174.

1249 5309 1315 5362 Sors
1335 5321 1399 5364 vero
1417 5323 1486 5371 mea,
1500 5307 1600 5378 quasin
1620 5307 1689 5362 ooelo
1704 5305 2007 5366 versatatnrsuttuuts,

727 5393 767 5448 Ut
780 5393 948 5466 sapientibus
961 5411 1023 5451 cum
1037 5395 1207 5469 septentiam
1249 5386 1276 5440 io
1290 5394 1388 5442 terram
1402 5383 1503 5440 decidit
1516 5393 1544 5440 et
1556 5400 1600 5440 me
1612 5384 1651 5440 ita
1660 5385 1827 5460 alloquitur:
1876 5385 2006 5455 [chodae.

516 5459 701 5522 eaafflnitas.

1249 5469 1389 5536 (Iognosee
1406 5480 1449 5522 res
1463 5465 1599 5522 humanas
1619 5481 1674 5520 noo
1687 5481 1748 5522 esse
1768 5479 1851 5521 urinas
1864 5465 1953 5536 magni
1968 5461 2009 5519 ta·

2060 1785 2062 1910 l
