4567 6425
1483 679 1751 740 AGAMEMNO.

1230 823 1272 870 eut
1283 821 1369 884 aliquis
1381 820 1513 870 suiiuretus
1524 824 1561 870 ost
1572 825 1613 869 aut
1624 819 1712 882 eripuit

1205 895 1209 916 ’
1229 908 1290 958 deus
1300 908 1400 972 aliquis,
1413 921 1459 958 non
1473 909 1558 967 borno,
1570 907 1861 968 gubernaculum-tenens.

1229 999 1333 1048 Fortuna
1344 1011 1401 1049 reru
1413 1001 1535 1050 salutifero
1547 1011 1632 1048 navem
1644 999 1746 1061 propitia
1757 998 1857 1057 insedit,

1229 1089 1345 1150 utreque
1357 1087 1381 1136 in
1394 1089 1496 1138 statione
1508 1088 1627 1138 fluctuum
1640 1086 1735 1137 turbine
1747 1086 1897 1146 obrueretur,

1228 1185 1307 1235 neque
1318 1173 1487 1238 impingeretur
1498 1175 1634 1239 scopulosos
1644 1187 1702 1224 οπο,

1207 1314 1208 1327 γ
1229 1263 1315 1312 Postea
1320 1275 1396 1324 uero,
1409 1277 1484 1327 quum
1495 1268 1597 1315 mortem
1610 1263 1635 1312 in
1647 1262 1707 1312 meri
1718 1261 1902 1325 eii'ugissenrus5

1206 1371 1209 1389 ·
1228 1349 1293 1398 ciero
1300 1350 1349 1412 jem
1361 1350 1400 1400 die
1409 1363 1457 1400 non
1466 1351 1548 1400 confisi
1559 1351 1662 1402 tortunne

1206 1418 1209 1509 ἱ
1229 1435 1295 1485 curis
1306 1437 1510 1500 perpendebnmus
1520 1443 1637 1488 recentem
1649 1437 1810 1488 calamitatem

1207 1556 1209 1585 ,
1228 1523 1346 1574 exercitus
1357 1524 1485 1576 laborantis
1495 1530 1519 1576 et
1531 1525 1619 1576 britte
1631 1537 1697 1575 nrore
1706 1525 1816 1588 dispersi.
1867 1527 1869 1532 '

1208 1608 1209 1616 ’
1229 1611 1261 1659 Et
1272 1623 1337 1660 nunc
1346 1625 1429 1661 eorum
1441 1613 1461 1662 ei
1473 1614 1527 1677 quis
1537 1613 1616 1663 edituo
1626 1614 1699 1662 vivus
1712 1617 1764 1674 est,

1228 1710 1274 1747 nos
1286 1704 1312 1748 ut
1324 1702 1434 1750 mortuos
1444 1701 1478 1750 iiii
1491 1706 1631 1762 recensent,
1644 1699 1745 1764 quidni?

1229 1790 1254 1834 et
1265 1799 1310 1836 nos
1320 1787 1368 1836 iliis
1380 1788 1481 1838 condem
1493 1793 1584 1838 sortem
1593 1789 1707 1852 obtigisse
1717 1787 1871 1838 arbitramur.

1229 1877 1320 1922 verum
1332 1875 1385 1924 brec
1395 1889 1468 1939 quam
1479 1877 1571 1939 optime
1580 1878 1703 1926 eveniant!
1715 1875 1850 1926 Menelaum
1862 1875 1936 1936 igitur

1229 1961 1334 2022 primum
1345 1967 1370 2012 et
1381 1966 1574 2026 quamproxime
1585 1977 1655 2028 spere
1665 1969 1792 2014 venturum
1804 1975 1872 2016 esse.

1230 2047 1253 2096 Si
1264 2048 1335 2109 igitur
1345 2049 1425 2100 radius
1436 2051 1494 2100 sotis
1505 2052 1592 2114 aliquis
1602 2065 1657 2101 eum
1668 2051 1785 2114 conspicit

1230 2140 1254 2183 et
1266 2135 1347 2186 vivum
1357 2143 1381 2186 et
1393 2137 1513 2189 videntem
1520 2175 1527 2200 ‚
1536 2140 1605 2190 Jovis
1614 2139 1728 2199 consilio,

1229 2235 1305 2283 quum
1317 2225 1422 2274 nondum
1434 2227 1485 2288 ejus
1493 2241 1568 2288 genus
1579 2227 1674 2278 nboiere
1685 2227 1800 2286 voluerit,

1208 2328 1211 2395 γ
1230 2323 1285 2373 spes
1296 2313 1375 2374 aliqua
1386 2317 1423 2362 est
1434 2315 1483 2364 tore
1494 2317 1520 2365 ut
1528 2315 1627 2364 domurn
1640 2315 1728 2365 retient.

407 697 443 750 86
643 682 943 744 ΑΓΑΜΕΜΝΩΝ.

471 816 529 890 ἤτοι
543 839 582 884 τις
595 814 728 896 ἐξέκλεψεν
743 814 762 886 ἢ
775 813 920 895 ’ξηρήσατο

472 905 528 972 θεός
541 927 592 976 τις,
606 907 653 962 οὗκ
668 902 817 983 άνθρωπος,
832 901 921 967 οίακος
933 899 1021 978 θιγών.

474 989 553 1073 Τύχη
568 990 596 1050 δὲ
609 988 698 1068 σωτὴρ
713 994 777 1047 ναῦν
791 987 892 1046 θέλουσ”
907 987 1024 1068 ἐφέζετο,

416 1101 456 1140 σοι
469 1085 504 1148 ὡς
515 1079 576 1158 μήτ’
588 1082 614 1138 έν
628 1077 702 1160 όρμιρ
717 1075 833 1154 κύματος
846 1074 929 1147 ζάλην
942 1073 1010 1154 ἔχειν

474 1167 537 1246 μήτ’
551 1166 678 1236 ἐξοκεῖλαι
690 1164 755 1245 πρδς
765 1163 928 1245 κραταίλεων
941 1161 1032 1241 χθόνα.

471 1253 588 1316 Ἔπειτα
600 1255 622 1313 δ’
635 1253 649 1280 ‘'
669 1255 716 1327 δην
733 1251 837 1311 πόντιον
850 1249 1025 1332 πεφευγότες,

468 1344 560 1404 λευκὸν
573 1343 630 1402 κατ’
643 1259 729 1422 δμαρ,
743 1343 773 1399 οὔ
786 1339 939 1406 πεποιθότες
951 1337 1036 1416 τύχῃ,

472 1433 661 1508 έόοοκολοῦμεν
674 1427 805 1511 φροντίσιν
819 1426 875 1486 νέον
888 1425 971 1493 πάθος

418 1541 457 1582 υτ)
470 1524 581 1600 στρατοῦ
596 1516 724 1595 καμόντος
737 1515 782 1574 καί
796 1519 884 1582 κακῶς
898 1510 1083 1589 σποδουμένου.

473 1606 529 1668 Καὶ
543 1612 587 1665 νῦν
603 1604 707 1664 ἐκείνων
720 1602 745 1662 εί
757 1627 795 1670 τις
812 1603 882 1662 ἐστὶν
897 1599 1025 1679 έμπνέων,

472 1695 590 1774 λέγουσιν
604 1699 675 1772 ἡμᾶς
687 1697 722 1760 ὡς
735 1692 880 1765 ὀλωλότας,
894 1689 919 1749 τί
934 1689 987 1768 μής

472 1789 547 1859 ἡμεῖς
557 1781 580 1840 τ’
595 1781 706 1848 ἐκείνως
719 1777 792 1837 ταῦτ’
807 1777 876 1858 ἔχειν
891 1775 1040 1851 δοξάζομεν.

474 1875 495 1932 Γ
497 1870 579 1930 ένοιτο
593 1870 616 1927 δ’
631 1873 666 1935 ὡς
680 1867 786 1948 ἄριστα.
803 1865 941 1924 Μενέλεων
955 1861 1006 1941 γάρ
1020 1853 1064 1919 οὖν

419 1981 458 2021 οτι
470 1955 573 2039 πρῶτόν
586 1979 616 2014 τε
629 1954 675 2013 καὶ
689 1952 806 2029 μάλιστα
821 1951 954 2032 προσδόκα
967 1953 1064 2027 μολεῖν.

370 2097 373 2104 .
475 2049 509 2106 Εἰ
523 2045 544 2103 δ’
559 2035 603 2103 οὖν
615 2066 653 2123 τις
668 2040 742 2106 ἀκτὶς
754 2038 829 2110 ἡλίου
843 2062 881 2096 νιν
895 2039 993 2118 ἱστορεῖ

475 2134 520 2193 καὶ
533 2137 617 2202 ζῶντα
630 2129 676 2187 καὶ
692 2127 834 2206 βλέποντα,
849 2126 981 2204 μηχαναῖς
992 2123 1066 2196 Διὸς,

475 2221 547 2280 οὔπω
560 2217 674 2281 Θέλοντος
688 2215 850 2283 ἐξαναλῶσαι
863 2213 948 2292 γένος,

475 2307 547 2374 ἐλπίς
561 2329 600 2371 τις
613 2302 691 2362 αὐτὸν
701 2301 766 2380 πρὸς
780 2299 873 2377 δόμους
886 2299 957 2371 ἥξειν
968 2297 1057 2356 πάλιν.

420 2419 460 2458 eso
472 2401 498 2458 Τ
499 2395 587 2456 οσαῦτ’
604 2388 717 2458 ἀκούσας
729 2388 782 2448 ίσθι
795 2390 896 2460 τάληθῆ
910 2385 1006 2458 κλύων,

739 2494 849 2539 ΧΟΡΟΣ.

552 2568 600 2635 Τίς
612 2567 670 2626 ποτ’
680 2562 815 2643 ’ὠνόμαζεν
825 2556 871 2622 ὧδ’

554 2660 579 2724 ές
591 2655 621 2714 τὸ
634 2663 686 2714 πᾶν
701 2651 836 2729 ἐτητύμως
852 2686 885 2698 -·

553 2743 590 2822 μή
604 2767 643 2809 τις
653 2740 730 2801 ὅντιν’
743 2743 793 2819 οὐχ
802 2742 869 2820 δρῶ-

553 2857 601 2911 μεν
611 2829 756 2913 προνοίαισι
770 2835 815 2888 τοῦ
826 2826 1000 2908 πεπρωμένου

554 2924 676 3001 γλῶσσαν
690 2921 717 2977 έν
730 2915 799 2996 τύχᾳ
812 2915 912 2989 νέμων;
927 2949 967 2961 -

551 3007 599 3067 τάν
613 3003 788 3085 δορίγαμόρον
800 3005 941 3084 άμφινεικῆ
954 3002 976 3062 θ’
991 2999 1117 3073 Ἑλέναν,

554 3093 612 3153 ἐπεὶ
622 3091 773 3172 πρεπόντως

556 3179 658 3254 έλένας,
673 3177 807 3259 ἕλανδρος,
822 3177 970 3257 έλέπτολις,

553 3274 583 3329 ἐκ
595 3273 647 3327 τῶν
662 3267 812 3348 ύόροτίμων

554 3352 787 3437 προκαλυμμάτων
800 3354 909 3413 έπλευσε

557 3442 667 3527 ζεφύρου
677 3442 797 3521 γίγαντος
809 3441 892 3523 αύρφ,

557 3529 714 3609 πολύανδροί
727 3554 756 3589 τε
769 3530 941 3611 φεράσπιδες,

557 3618 664 3696 κυναγοὶ
677 3618 735 3676 κατ’
749 3616 820 3697 ῐχνος

555 3705 659 3767 πλάταν
672 3704 785 3788 ἄφαντον

556 3792 703 3855 κελσάντων
716 3792 855 3870 Σιμόεντος

557 3882 638 3948 άκτθς
652 3881 693 3939 ἐπ’
708 3878 873 3961 ἀεξιφύλλους

556 3972 587 4030 δι’
601 3970 654 4052 έριν
668 3966 854 4045 αἱματόεσσαν.

557 4057 629 4137 Ἰλίῳ
643 4056 672 4115 δέ
684 4057 762 4127 κῆδος
774 4058 821 4135 όρ-

559 4145 675 4222 θόινυμον
689 4142 879 4225 τελεσσίφρων

560 4238 636 4312 μῆνις
648 4232 756 4304 ἤλασεν,
770 4230 872 4311 τραπέ-

557 4326 603 4391 ζας
616 4320 744 4398 ἀτίμωσιν
758 4317 858 4401 θατέρῳ
869 4316 957 4399 χρόνῳ

558 4408 605 4467 καὶ
617 4407 747 4475 ξυνεστίου
760 4406 822 4473 Διὸς

558 4495 729 4577 πρασσομένα
742 4492 773 4553 τδ
784 4491 946 4575 νυμφότιμον
959 4490 1036 4571 μέλος
1050 4492 1094 4549 έκ-

558 4582 647 4665 φάτως
659 4582 759 4648 τίοντας

559 4669 690 4749 ὑμέναιον,
703 4669 730 4737 δς
743 4666 796 4727 τότ’
811 4664 938 4749 ίπέρρεπε

560 4757 717 4839 γομάροῖσιν
728 4755 831 4815 ἀείδειν.

560 4844 807 4922 Μιταμανθάνουσα
821 4842 845 4901 δ’
857 4840 937 4918 ὕμνοι

562 4933 688 5016 Πριάμου
701 4932 776 4998 πόλις
788 4928 897 5010 γεραιὰ,

561 5020 720 5099 πολύθρηνον
735 5019 804 5097 μέγα
817 5041 868 5077 που
882 5014 980 5087 στένει,

562 5107 742 5179 κικλήσκουσα
756 5106 842 5187 Πάριν

562 5196 605 5255 τόν
619 5194 793 5276 αἰνόλεκτρον,

562 5284 588 5364 †
601 5281 757 5363 πομπρόοθ’
770 5274 787 5354 ἧ
797 5280 822 5363 †
833 5278 992 5362 πολύθρηνον

563 5372 634 5428 αἰῶν’
649 5369 717 5447 ἀμφὶ
730 5372 839 5428 πολιτᾶν

565 5456 658 5539 μέλεον
673 5448 730 5533 αἷμ’
741 5460 885 5519 ἀνατλᾶσα.

1069 2561 1135 2636 Στρ.
1147 2556 1185 2617 α’.

1230 2397 1324 2454 Quibus
1335 2400 1424 2450 auditis
1434 2403 1494 2452 scito
1504 2415 1559 2452 vern
1569 2409 1593 2452 tc
1602 2417 1632 2452 cx
1644 2417 1683 2453 me
1693 2402 1847 2466 comperisse.

1261 2573 1321 2630 Quis
1330 2589 1435 2639 unquam
1444 2511 1753 2641 tnpmrsfflvlesst‘nem
1766 2578 1943 2628 nominabat—
1953 2591 2009 2626 ιιιιιιι

1230 2659 1286 2722 quis
1300 2674 1372 2724 quem
1390 2677 1439 2714 non
1456 2665 1583 2726 videmus,
1599 2665 1749 2729 providentia
1765 2665 1806 2715 iuti
1818 2665 1925 2728 linguam
1944 2667 1967 2712 in
1986 2680 2009 2712 re
2085 2699 2086 2714 τ

1230 2753 1345 2798 eventurn
1359 2750 1677 2814 dirigeret—Helennmad
1687 2753 1777 2804 beilum
1787 2757 1887 2816 nuptam
1897 2753 2009 2815 bustaque

1230 2837 1378 2898 expetitam?
1387 2839 1581 2903 quondoquidem
1593 2854 1650 2891 vere
1658 2841 1757 2896 nerium
1766 2839 1895 2903 perditrix,
1905 2841 2009 2888 virorum

1231 2921 1355 2985 perditrix,
1362 2926 1578 2990 urbiumperditrix
1585 2927 2009 2990 exdciicatismoiiiboequetbutnmi

1231 3009 1513 3078 reinmentispropressa
1523 3017 1624 3080 chbyri
1632 3018 1732 3080 gignmb
1743 3029 1801 3066 aura
1809 3015 1940 3078 navigavit,
1952 3015 2009 3064 niui-

1230 3098 1297 3163 tique
1310 3100 1355 3150 viri
1369 3103 1474 3152 scutiferi
1489 3108 1617 3170 tanquam
1632 3109 1758 3156 venatores
1766 3104 1900 3155 aecundum
1914 3101 2010 3162 vetigia

1231 3198 1314 3237 eorum
1325 3187 1444 3251 (Paridis
1453 3189 1611 3253 cilicienoe),
1621 3191 1757 3254 quinarem
1766 3188 2010 3255 econspectusobdu·

1231 3274 1295 3322 ctum
1304 3272 1336 3323 ad
1346 3274 1474 3325 frondosos
1483 3276 1612 3327 simoentis
1621 3278 1685 3341 ripas
1693 3278 1849 3341 appulerunt,
1861 3290 1903 3341 per
1915 3282 2009 3327 courteo-

1232 3359 1322 3410 tionem
1337 3362 1542 3425 sanguinolentam
1551 3366 1660 3431 insecuti
1670 3371 1740 3418 sunt.

1172 4054 1190 4113 ’.
1265 4062 2013 4129 iiioeutemluctuosamaffluitatemreronomine[nomapbe

1235 4162 1349 4212 precum
1368 4155 1393 4201 et
1411 4152 1553 4203 affinitatem
1573 4156 1598 4202 et
1614 4153 1707 4203 luctum
1723 4152 1865 4217 aipnibcnt]
1881 4155 1916 4203 ira
1930 4156 2012 4205 citicae

1235 4236 1344 4299 adrexit,
1357 4253 1439 4303 peenas
1451 4240 1517 4290 Ιωοω
1526 4253 1615 4289 menore
1625 4240 1748 4304 bospitniis
1761 4240 1878 4305 totisque
1887 4240 2014 4291 domestici

1235 4322 1343 4383 sequerrti
1360 4328 1465 4387 tempore
1476 4324 1573 4387 exigens
1588 4325 1619 4374 ub
1634 4324 1676 4384 iis,
1693 4326 1735 4387 qui
1749 4338 1845 4375 cannen
1856 4326 1881 4375 in
1900 4326 2014 4377 Ιιοοοιειιι

1236 4419 1378 4469 sponsorum
1392 4410 1479 4461 eximie
1490 4410 1650 4471 lucubrabant,
1668 4412 1836 4475 Ιιγιιιειιτοιιιιι,
1855 4412 1898 4475 qui
1915 4418 1974 4463 tunc
1985 4414 2013 4461 nt·

1236 4494 1323 4545 tinibus
1334 4496 1453 4548 canendus
1464 4499 1570 4561 coritigit.
1583 4498 1713 4549 bedisoens
1727 4512 1784 4549 vero
1796 4500 1913 4561 hymnum
1927 4504 2016 4551 Priami

1236 4584 1334 4646 antiqua
1346 4585 1404 4635 orbs
1418 4587 1487 4636 vaide
1498 4586 1634 4637 luctuosum
1650 4600 1746 4637 carmen
1757 4588 1844 4650 gemit,
1852 4588 1925 4637 Parin
1937 4590 2016 4638 cianti-

1237 4673 1290 4719 tens
1300 4670 1429 4721 iufaustum
1442 4673 1567 4733 maritum,
1577 4686 1651 4736 quum
1664 4672 1739 4723 multo
1748 4678 1818 4722 ontea
1831 4684 1889 4723 sene
1900 4672 2017 4723 laurento·

1236 4755 1309 4807 bilem
1320 4759 1393 4809 vitum
1403 4766 1499 4824 propter
1507 4760 1597 4811 σίνίυιιι
1606 4760 1752 4811 miserandas
1761 4758 1840 4811 cedes
1849 4760 2002 4811 sustinuerit.
