4567 6425
802 750 1010 813 soeuoctts
1031 748 1279 811 FRAGMENTA.

282 902 343 949 tasse
361 888 422 965 jure
448 888 572 945 orationi
585 883 749 945 Cassandrae
762 878 916 950 addideris,
934 876 1012 953 quud
1037 862 1041 871 ¹

283 992 317 1034 est
332 979 356 1033 in
373 976 484 1033 lleklteri
505 973 612 1033 Anecd.
631 994 659 1049 p.
674 974 740 1042 347,
754 975 809 1039 Ilo,
823 968 885 1045 [to]
898 966 1012 1032 «ἀείζων

280 1062 448 1141 τίνθοςνέριῖς,
458 1064 494 1127 circ
501 1062 635 1137 Σοφοκλῆς
643 1058 753 1125 εαέιᾜων
763 1053 864 1120 ἕλκος.»
877 1054 1014 1129 tutelligit

281 1151 344 1206 enim
362 1150 469 1218 Parim,
489 1168 575 1225 quem
591 1148 723 1205 Priamus
739 1144 776 1199 sit
793 1156 929 1199 aetemum
947 1141 1012 1197 'vut-

281 1258 324 1293 uus
350 1249 504 1294 vocaturus.
530 1242 567 1293 At
591 1237 615 1293 si
640 1234 704 1310 quis
733 1230 824 1287 choro
857 1228 1011 1304 tribuerit,

281 1344 329 1380 nou
340 1322 514 1381 intercedam.
532 1325 630 1399 Neque
640 1321 677 1379 ab
689 1318 744 1376 hoc
757 1317 881 1374 alienum
894 1329 1014 1393 putave-

282 1413 325 1467 rim
340 1410 413 1486 quod
431 1424 473 1467 est
489 1410 565 1487 apud
586 1409 707 1467 eundem
730 1405 887 1463 llekkerurn
899 1423 927 1479 p.
946 1406 1014 1475 367,

281 1518 326 1553 ao:
343 1500 365 1574 [l
376 1498 399 1575 Ι]
423 1525 435 1549 ε
448 1497 591 1563 ἀκόλαστον
614 1501 701 1574 σῶμα.
718 1494 888 1573 »Σοφοκλῆς
911 1496 1014 1549 Pmter

281 1580 328 1639 her
341 1584 403 1639 nihil
416 1582 556 1656 tragediae
568 1595 704 1641 servatum
729 1591 783 1637 est.

578 1704 684 1721 ⁸¹¹*-

475 1807 614 1867 uttxts
634 1808 792 1869 FURENS.

311 1918 489 1995 Exposuimus
512 1920 659 1997 tragoediae
672 1934 870 1999 argumentum
886 1922 915 1979 iu
930 1923 1013 1979 Pala-

280 2004 348 2061 rnede
368 2006 512 2082 AEscliyli,
530 2026 617 2082 quem
651 2028 708 2065 non
732 2009 852 2067 dubium
877 2023 920 2065 est
944 2010 1014 2084 quiu

279 2096 414 2172 Sophocles
423 2098 451 2153 in
467 2098 628 2173 plerisque,
644 2112 676 2154 ut
689 2098 781 2174 solet,
806 2098 912 2175 majore
932 2098 1015 2157 adhi-

281 2182 327 2239 lsita
344 2196 400 2240 arte
423 2196 537 2241 secutus
564 2185 609 2241 sit.
630 2184 726 2243 Habet
746 2186 865 2243 eandem
891 2185 1014 2245 fabulam

282 2283 341 2329 mter
358 2274 458 2347 Cypria
479 2271 617 2345 Procius,
635 2273 686 2347 qui
702 2273 763 2329 haec
784 2274 927 2331 memoriae
943 2293 1014 2349 pro-

281 2356 355 2413 didit:
366 2355 477 2415 Ἔπειτα
487 2356 549 2422 cehe
561 2358 690 2436 ἡγεμόνας
699 2362 858 2437 ἀθροίζουσιν
869 2358 1016 2424 ἐπελθόντες

280 2444 451 2516 τὴνΊλλίδα,
472 2446 518 2504 καί
540 2446 679 2521 μαίνεσθαι
704 2444 950 2525 προσποιησάμενον
972 2448 1016 2505 τὀν

281 2530 392 2589 Ὀδυσσέα
406 2532 448 2591 ἐπὶ
460 2536 500 2610 τῷ
522 2532 561 2609 μὴ
576 2532 658 2591 θίλιιν
677 2534 862 2613 στρατεύεσθαι
879 2534 1016 2613 ίρώρασαν

280 2618 435 2694 Παλαμήδους
469 2617 631 2697 ὑποθεμένου
652 2620 696 2679 τὸν
717 2621 770 2679 niis
792 2619 952 2700 Τηλέμαχον
973 2624 1018 2681 ἐπὶ

280 2704 368 2762 asiam
389 2706 586 2787 ίξαρπείσαντες.
609 2709 699 2765 Paulo
722 2708 867 2785 copiosius
888 2710 1017 2786 Hyginus

281 2791 333 2848 l'ab.
355 2796 390 2869 95
404 2816 411 2851 ε
424 2802 645 2871 -llgamemnon
656 2808 685 2852 et
699 2795 842 2853 Menelaus
864 2797 944 2855 Atrei
966 2797 1017 2855 lilii

280 2898 351 2951 quum
372 2882 406 2939 ad
425 2882 543 2959 Trojam
555 2883 778 2961 oppugnandam
790 2883 953 2960 conjuratos
964 2884 1018 2941 du-

281 2986 317 3021 ces
333 2966 480 3042 ducerent3
505 2972 535 3027 in
559 2970 681 3027 insulam
704 2971 831 3028 Ithacam
849 2971 884 3027 ad
904 2973 1016 3029 Ulixem

280 3056 371 3113 laertis
390 3056 476 3115 lilium
500 3070 663 3117 venerunt:
677 3058 723 3115 cui
743 3072 804 3115 emt
825 3078 1016 3135 responsum,

282 3139 300 3194 si
315 3140 346 3197 ad
359 3142 469 3221 'frojam
484 3145 572 3216 isset,
589 3158 654 3223 post
669 3145 837 3203 vicesimum
851 3166 957 3203 anuum
972 3168 1018 3203 so-
1041 3137 1045 3228 l

280 3228 326 3283 lum
339 3232 417 3290 sociis
428 3233 551 3310 perditis
568 3247 699 3311 egentem
713 3233 830 3292 domum
849 3234 1018 3294 rediturum.

281 3315 363 3390 ltaque
374 3337 461 3394 quum
474 3321 562 3378 sciret
578 3321 614 3378 ad
627 3341 657 3378 se
672 3334 802 3400 oratores
816 3335 967 3389 venturos,
978 3325 1020 3380 in-

280 3404 368 3460 saniam
381 3407 516 3466 simulans
535 3409 642 3484 pileum
660 3408 764 3464 sumsit
784 3422 812 3465 et
829 3428 935 3485 equum
954 3431 1018 3468 cum

280 3484 339 3544 bore
354 3487 444 3564 junxit
467 3493 504 3550 ad
528 3507 665 3550 aratrum.
686 3499 779 3566 Quem
801 3495 965 3552 Palamedes
986 3512 1018 3554 ut

279 3573 351 3645 sidit,
364 3580 446 3636 sensit
457 3579 597 3639 simulare
612 3592 700 3656 atque
713 3581 917 3639 Telemachum
930 3584 1017 3640 lilium

280 3661 413 3734 rjuseuuis
434 3666 580 3724 sublatum
601 3681 704 3724 aratro
726 3669 751 3725 ei
768 3667 889 3743 subjecit
910 3683 940 3726 et
953 3673 1017 3728 ait:

279 3752 446 3814 Simulatione
456 3757 590 3834 deposita
601 3758 675 3814 inter
683 3760 848 3835 conjuratos
859 3760 934 3816 veui.
945 3762 1018 3820 Tum

280 3840 361 3896 l'lixes
375 3843 455 3900 fidem
466 3844 549 3901 dedit
558 3863 589 3901 se
600 3857 762 3902 venturum.
773 3849 860 3903 Exeo
872 3847 1018 3905 Palamedi

279 3927 378 3986 infestus
386 3932 448 3990 luit.
460 3959 472 3981 ι»
482 3937 551 3990 llaec
561 3935 702 4008 Hyginus,
713 3929 818 4009 quibus
824 3932 913 3990 addas
919 3954 1019 3993 versus

279 4013 377 4072 llooieri
389 4019 417 4076 iu
432 4019 540 4093 odyss.
552 4020 598 4090 Ω,
616 4020 753 4093 115-119.

308 4103 341 4158 l't
352 4104 385 4160 ad
405 4107 581 4183 Sophoclem
594 4107 795 4183 perveniamus
809 4151 818 4182 ,
832 4128 890 4166 non
908 4110 1019 4169 videtur

278 4183 384 4247 dubitari
402 4211 486 4269 posse
518 4195 590 4269 quin
612 4206 698 4270 poeta
731 4198 888 4254 Heiuerum
904 4209 1019 4255 secutus

279 4287 363 4350 peter
382 4283 542 4339 Menelaum
563 4293 593 4338 et
608 4281 787 4338 Palamedem
802 4284 887 4340 etiam
900 4292 1019 4362 Agame·

279 4376 392 4420 iunonem
400 4367 428 4422 in
439 4368 538 4425 ltliaca
545 4369 638 4426 insula
645 4368 722 4445 apud
731 4369 844 4427 Ulixem
853 4371 1019 4428 introduxe-

280 4445 1018 4534 ¹·i1.tlgamemironeriiquidemWelclierusaguoseere

278 4530 321 4590 sihi
338 4538 485 4600 videbatur
497 4544 528 4601 in
540 4543 702 4621 fragmento
715 4544 857 4620 quodam
868 4545 903 4601 de
917 4551 1017 4604 Mene·

279 4617 315 4674 lio
330 4628 418 4685 ‹imnia
439 4631 552 4688 incerta
574 4643 659 4702 sunt,
680 4651 773 4707 neque
794 4632 975 4708 refragrabor
994 4636 1018 4692 si

277 4710 331 4780 quis
356 4715 431 4774 illum
463 4721 540 4778 inter
563 4740 699 4796 personas
719 4733 813 4779 mutas
832 4724 1017 4781 recensuerit.

277 4795 373 4857 Chorus
386 4809 484 4880 procul
500 4807 591 4867 dubio
611 4810 790 4886 compositus
807 4822 868 4866 erat
886 4830 922 4866 ex
937 4811 1017 4868 ltha·

277 4887 403 4964 cmsibus,
421 4895 451 4952 id
470 4897 552 4972 quod
570 4911 599 4954 et
615 4916 650 4954 ex
670 4915 751 4954 more
771 4898 958 4974 Tragicorum
975 4911 1019 4956 est

278 4979 427 5057 ¹epetitum,
439 4985 489 5060 qui
501 4986 611 5042 incolas
623 4986 794 5062 praeferunt,
805 5000 835 5043 et
849 4989 940 5046 Ulixis
952 5008 1018 5064 per·

278 5077 334 5118 aona
345 5067 401 5126 siue
412 5072 567 5130 comitibus
580 5075 686 5151 tragica
695 5073 833 5150 dignitate
843 5074 1017 5133 destituitur.

309 5152 418 5212 titum
440 5160 527 5218 initio
549 5174 634 5238 poeta
652 5175 719 5218 ante
740 5162 861 5218 chorum
884 5163 1016 5220 introdu-

277 5247 341 5294 ctum
353 5243 423 5303 duos
438 5249 540 5306 fecisse
553 5250 629 5306 iuter
648 5269 679 5305 se
696 5249 928 5322 confabulantes,
948 5250 1017 5328 quid

1765 768 1816 817 251

1067 876 1227 934 faciendum
1243 892 1330 947 esset,
1347 894 1378 937 ιιι
1396 884 1487 942 Ulixis
1506 886 1645 943 calliditas
1665 890 1819 963 patefieret.

1066 964 1128 1020 Hoc
1150 965 1292 1024 indicatur
1311 971 1439 1028 versilms
1454 975 1529 1050 apud
1552 976 1731 1033 sehuliastam
1753 978 1821 1034 Pin·

1065 1050 1128 1107 dari
1141 1052 1285 1125 Isthmv,
1302 1058 1339 1111 86
1353 1079 1359 1113 :
1372 1057 1503 1133 Σύντομοι
1515 1060 1542 1116 δὲ
1554 1064 1584 1119 οὐ
1596 1061 1674 1139 μόνον
1690 1062 1822 1132 Λάκωνες,

1039 1204 1042 1236 Ι
1065 1137 1131 1193 ἄλλα
1143 1139 1188 1197 καί
1204 1139 1321 1219 Ἀργεῖοι.
1336 1144 1369 1203 Σ.
1384 1145 1506 1204 Ὀδυσσεῖ
1523 1147 1692 1229 μαινομένῳ·

1066 1296 1128 1377 [tal
1146 1298 1243 1363 Urivr'
1260 1296 1354 1377 οἶσθα,
1369 1304 1459 1369 πάντ’
1476 1298 1562 1381 ἔλεξα
1574 1306 1822 1398 τάντεταλμένα·

1146 1410 1236 1499 μῦθος
1254 1409 1312 1503 γὰρ
1329 1402 1495 1507 Ᾱργολιστὶ
1512 1423 1680 1508 συντέμνειν
1697 1425 1820 1511 βραχύς.

1066 1565 1231 1625 Welckerus
1246 1585 1347 1623 versus
1359 1572 1562 1645 Agamemnoni
1580 1571 1678 1629 tribuit
1690 1618 1697 1643 ,
1709 1574 1822 1646 citiror

1065 1650 1260 1726 τάντεταλμίνα
1280 1666 1311 1710 ιιι
1326 1656 1385 1730 regi
1399 1668 1426 1713 et
1445 1656 1510 1713 duci
1531 1678 1588 1715 nun
1609 1661 1752 1717 convenit.
1768 1667 1823 1717 Po-

1068 1742 1125 1798 tius
1136 1740 1277 1817 intelligas
1292 1742 1397 1813 alium,
1419 1743 1468 1819 qui
1495 1743 1532 1802 ab
1550 1752 1761 1822 Agamemnone
1775 1769 1823 1803 ve-

1066 1829 1161 1901 nerit,
1176 1839 1208 1883 ut
1228 1828 1404 1887 Palamedem
1425 1830 1495 1907 quid
1517 1834 1731 1910 transigendum
1751 1850 1823 1891 esset

1066 1916 1193 1973 doceret.
1209 1920 1273 1975 Non
1289 1917 1412 1975 alienum
1428 1918 1546 1977 fortasse
1566 1920 1651 1978 fuerit
1665 1922 1824 1979 llleuelaam

1067 2004 1235 2079 intelligere,
1246 2005 1299 2061 nisi
1314 2004 1388 2061 inter
1399 2026 1534 2083 personas
1545 2020 1635 2065 mutas
1650 2007 1711 2065 fuit.
1724 2008 1823 2067 Eidem

1067 2092 1213 2169 colloquio
1236 2091 1402 2150 vindicarint
1427 2112 1526 2151 vocem
1555 2094 1617 2172 [tt]
1640 2096 1795 2173 «ἐμπερνζς,
1813 2124 1824 2145 υ

1067 2178 1197 2259 ἔμπειρος.
1210 2180 1345 2258 Σοφοκλῆς
1360 2179 1482 2239 Ὀδυσσεῖ
1494 2180 1658 2261 μαινομένῳ,
1672 2182 1747 2259 apud
1764 2188 1823 2240 lle·
1887 2210 1893 2223 ·

1068 2266 1215 2341 sycliium,
1234 2286 1293 2342 quo
1314 2268 1430 2325 nomine
1445 2268 1551 2325 dicitur
1565 2288 1621 2325 uon
1644 2270 1740 2327 Ulixes
1754 2314 1761 2339 ,
1775 2270 1824 2327 sed

1068 2353 1252 2423 Palamedes,
1276 2356 1325 2431 qui
1353 2356 1388 2412 sit
1414 2375 1518 2431 guarus
1545 2357 1684 2433 cujusque
1705 2358 1824 2415 astutiae.

1069 2442 1191 2516 Reliqua
1200 2442 1354 2517 fragmenta
1363 2443 1468 2499 ineerta
1476 2457 1551 2501 sunt.
1563 2444 1686 2515 Dixeris,
1697 2445 1774 2521 quod
1784 2458 1825 2501 est

1067 2529 1145 2605 apud
1161 2528 1332 2602 Hesychium
1347 2530 1409 2607 [13]
1424 2531 1619 2611 «ignitique»
1637 2530 1824 2611 xpddaqdpa-

1068 2617 1147 2685 νίσαι,
1161 2616 1239 2673 Ulixi
1256 2614 1521 2694 exprobrari,quod
1537 2640 1568 2676 se
1588 2619 1726 2677 occulerit
1742 2620 1827 2676 ral'ris

1069 2704 1170 2761 modis.
1181 2704 1260 2761 Idem
1273 2704 1404 2778 Hesych,
1414 2704 1439 2781 [l
1447 2706 1476 2781 4]
1489 2732 1500 2755 ι
1511 2709 1638 2783 θρεκτοῖσι
1650 2706 1738 2781 νόμοις
1747 2733 1758 2755 ι»
1768 2706 1826 2763 ἀντὶ

1067 2794 1113 2847 τοῦ
1125 2798 1263 2871 τροχαῖος·
1282 2790 1343 2847 ἔνιοι
1358 2790 1384 2847 di
1396 2800 1539 2871 ικρεκτοῐς,
1550 2816 1561 2843 ε
1572 2794 1649 2869 quod
1667 2794 1755 2849 choro
1769 2794 1826 2849 for·

1069 2891 1141 2936 tasse
1154 2878 1337 2936 tribuendum
1349 2892 1400 2947 est,
1412 2879 1574 2955 frustraque
1589 2880 1669 2957 [¹5]‹1
1682 2880 1801 2959 θριάζειν,
1815 2906 1826 2931 ε

1068 2966 1245 3043 ρυλλολογεῐν,
1260 2966 1402 3041 ἕνθουσιᾶν,
1416 2966 1595 3033 ἐνθουσιάζειν,
1608 2968 1683 3044 apud
1704 2967 1826 3023 eundem

1069 3053 1252 3129 Hesychium,
1267 3054 1390 3111 insanire
1413 3072 1443 3110 se
1472 3054 1626 3111 simulasse.
1647 3058 1824 3111 Postremmr

1069 3140 1257 3218 fragmentum
1270 3140 1348 3219 apud
1362 3140 1497 3197 Pliotium
1509 3140 1572 3222 [lu]
1582 3140 1716 3220 «Μάγνον,
1733 3168 1744 3191 n
1761 3144 1826 3224 Σορ.

1069 3229 1193 3288 Ὀδυσσεῖ
1199 3229 1243 3287 τὸν
1252 3228 1344 3305 μέγαν,
1353 3227 1396 3286 τὸν
1406 3226 1593 3305 ἀπομάσσοντα
1602 3230 1646 3287 καί
1657 3229 1824 3310 καθαίροντα,

1069 3317 1183 3376 ridetur·
1198 3318 1281 3395 plane
1293 3333 1460 3395 corruptum
1473 3338 1534 3374 esse
1547 3339 1639 3395 neque
1651 3321 1827 3396 intelligitur,

1069 3427 1128 3485 quo
1149 3406 1236 3464 inodo
1252 3407 1370 3464 Photius
1385 3407 1455 3464 illud
1470 3408 1509 3464 ita
1525 3407 1668 3484 explicare
1691 3409 1826 3485 potuerit.

1108 3495 1225 3571 Duplex
1248 3495 1375 3550 narratio
1401 3507 1443 3550 est
1466 3493 1502 3551 de
1526 3495 1683 3552 Palamedis
1711 3498 1823 3553 astutia.

1070 3581 1126 3640 Alii
1149 3583 1267 3640 tradunt
1291 3583 1494 3639 Telemachum
1517 3581 1553 3640 ab
1577 3583 1627 3641 illo
1649 3585 1771 3660 positum
1798 3585 1827 3640 iu

1069 3673 1150 3727 sulco
1166 3670 1243 3746 agri,
1256 3688 1341 3744 quem
1356 3669 1456 3726 Ulixes
1470 3669 1571 3744 juncto
1586 3689 1736 3746 equorum
1753 3669 1826 3726 hove

1070 3758 1208 3829 araverit,
1231 3757 1277 3816 ulii
1300 3755 1479 3813 Palamedem
1504 3775 1568 3812 cum
1589 3757 1684 3832 gladio
1699 3758 1727 3812 in
1743 3758 1826 3815 Tele-

1070 3845 1203 3903 machum
1218 3844 1343 3901 irruisse.
1360 3843 1507 3900 Posterius
1521 3845 1589 3919 quia
1603 3844 1761 3920 simplicius
1773 3858 1827 3916 est,

1071 3935 1186 3991 videtur
1200 3933 1346 4006 antiquius
1366 3930 1453 3988 luisse
1475 3931 1653 4006 maximeque
1676 3931 1826 4010 probabile

1070 4036 1113 4080 est
1125 4039 1292 4097 expressum
1307 4037 1368 4092 esse
1386 4039 1401 4072 a
1416 4019 1576 4094 Sophocle,
1595 4020 1663 4094 quia
1673 4032 1702 4075 et
1717 4020 1826 4078 facilius

1070 4124 1099 4166 et
1115 4107 1223 4183 majore
1235 4107 1263 4161 vi
1275 4106 1305 4162 iu
1319 4124 1402 4162 scena
1418 4107 1613 4182 representari
1626 4107 1732 4183 potuit.

1109 4202 1175 4254 Non
1195 4211 1442 4271 supervacaneum
1464 4213 1526 4250 esse
1551 4193 1684 4250 videatur
1704 4194 1827 4262 addere,

1070 4305 1134 4360 quae
1148 4282 1331 4342 Thudichum
1346 4281 1381 4338 de
1397 4281 1450 4338 ista
1465 4281 1598 4356 tragoedia
1613 4284 1733 4359 scripsit.
1746 4289 1826 4340 Putat

1069 4385 1185 4449 apoetn
1203 4372 1231 4428 in
1246 4369 1339 4427 fabula
1351 4370 1546 4446 representari
1563 4369 1714 4428 fidissimos
1726 4371 1825 4446 conju·

1070 4480 1135 4536 ges,
1148 4477 1241 4534 neque
1262 4455 1422 4514 mirandum
1446 4457 1546 4528 luisse,
1559 4457 1583 4514 si
1597 4459 1694 4514 Ulixes
1708 4477 1825 4514 uxorem

1069 4561 1098 4604 ct
1115 4547 1206 4603 forma
1224 4545 1363 4620 insignem
1384 4557 1413 4600 et
1432 4544 1549 4620 iugenio
1570 4545 1765 4602 suavissimam
1781 4567 1827 4604 re-

1070 4636 1201 4711 linquere
1212 4633 1347 4690 noluerit.
1363 4635 1405 4689 lta
1420 4632 1513 4688 omnia
1529 4633 1641 4709 egregie
1655 4643 1736 4709 putat
1747 4653 1826 4688 com-

1070 4725 1141 4801 poni
1162 4734 1190 4780 et
1209 4719 1365 4798 explicari,
1388 4720 1542 4795 presertim
1566 4721 1589 4776 si
1610 4720 1752 4795 Penelope
1767 4720 1827 4794 ipsa

1070 4808 1184 4870 Ulixem
1219 4812 1349 4868 insanum
1381 4811 1532 4886 putaverit.
1568 4813 1668 4885 Neque
1703 4809 1825 4866 inveniri

1070 4901 1184 4958 Ulixem
1199 4917 1256 4954 nou
1274 4897 1392 4973 optimis
1412 4895 1539 4952 muribus
1552 4895 1699 4972 preditum
1714 4915 1729 4952 a
1742 4909 1825 4970 poeta

1070 4985 1212 5061 describi3
1227 5004 1288 5042 esse
1303 4983 1381 5041 illum
1394 4985 1558 5060 egregium,
1576 4983 1665 5040 nobili
1683 4984 1779 5040 auimo
1799 4983 1826 5039 in

1069 5074 1169 5150 Ajace,
1180 5072 1296 5130 delendi
1309 5072 1337 5128 in
1352 5071 1522 5138 Philocteta,
1537 5089 1629 5144 urqrre
1638 5067 1825 5126 dubitandum

1069 5163 1139 5239 quin
1153 5174 1237 5238 poeta
1248 5161 1277 5216 in
1287 5159 1340 5216 hac
1350 5177 1465 5234 quoque.
1481 5157 1615 5232 tragoedia
1628 5157 1705 5212 illmu
1718 5158 1827 5232 optime

1069 5249 1227 5308 exeruerit.
1244 5251 1310 5305 Haec
1333 5247 1388 5302 ille.
1408 5249 1469 5302 n'on
1492 5243 1594 5300 dubito
1617 5243 1731 5320 quidem
1755 5243 1825 5320 quin

277 5361 1828 5392 W

279 5495 362 5554 hinnit
375 5509 460 5564 nosti.
473 5509 565 5566 arnoia
580 5437 712 5582 diifqua
722 5511 818 5582 iussus
830 5528 907 5580 sum,

1065 5447 1155 5488 sermo
1175 5431 1247 5486 enim
1263 5445 1337 5486 more
1355 5425 1483 5498 argolico
1501 5427 1589 5482 brevis
1606 5426 1734 5482 omnibus
1750 5443 1825 5481 corn·

1660 5505 1822 5575 lprelieutir.
