4567 6425
452 676 508 729 ate

504 838 594 927 μέσην
604 830 645 898 τὰ
652 828 766 924 πλευρὰ
780 832 853 923 πρὸς
868 833 973 909 armore
987 830 1213 923 πεπληγμένην.

450 976 515 1033 Haec
529 966 606 1046 apud
631 967 797 1026 Athenaeum
817 972 871 1041 lx,
891 988 919 1044 p.
933 969 1001 1043 394,
1013 971 1044 1037 Δ,
1056 966 1083 1022 ἐν
1097 966 1135 1043 τῷ
1149 984 1215 1041 τρα-

450 1061 516 1137 γικῷ
533 1058 645 1137 Πρωτεῖ.
658 1059 721 1113 V.a
744 1055 857 1115 codices
874 1053 994 1119 μέσακτα
1007 1049 1108 1134 πλευρὰ
1165 1072 1216 1107 πε-

450 1142 608 1223 πλεγμένην.

491 1232 576 1311 Apud
598 1230 771 1308 Hesychium
787 1232 892 1308 legitur
905 1251 912 1286 ι
927 1229 1009 1308 [tut]
1027 1223 1214 1298 «Ἄελπτοιμ

450 1319 527 1378 δεινοὶ
553 1316 720 1377 ealderman
750 1318 880 1398 Αἰσχύλος
903 1320 1017 1397 Πρωτεῖ,
1031 1335 1121 1394 quum
1147 1312 1216 1373 alibi

451 1408 538 1465 addat
549 1410 690 1489 σατυρικῷ.

1009 657 1186 721 AEscttt'ct
1207 655 1457 715 FRAGMENTA.

1260 808 1317 864 que
1331 789 1413 847 tectis
1423 808 1497 867 opus
1507 808 1585 861 csse,
1599 785 1624 847 si
1635 791 1741 869 templa
1749 788 1917 850 obtinuerit.
1929 792 2008 847 Tanta

1258 875 1346 934 auimi
1360 876 1446 933 elatio
1463 875 1556 953 major
1568 876 1623 935 t'uit
1635 897 1722 955 quam
1736 898 1802 955 quae
1812 898 1829 934 a
1838 876 1895 935 diis
1907 876 2008 934 tolerari

1260 976 1365 1039 posset,
1380 964 1512 1040 inprimis
1524 984 1541 1021 a
1553 963 1652 1022 liberis
1675 970 1801 1036 latonae,
1813 966 1864 1041 qui
1873 982 1904 1021 se
1914 985 1931 1021 a
1942 984 2008 1021 ntor·

1260 1052 1309 1109 tali
1330 1053 1450 1110 muliere
1469 1053 1542 1111 adeo
1559 1066 1741 1132 contemptos
1756 1053 1904 1112 ridebant.
1921 1057 2009 1129 ltaque
2070 1041 2071 1046 ἵ

1261 1152 1380 1197 matrem
1401 1140 1502 1197 ulcisci
1519 1153 1681 1200 statuerunt
1700 1161 1869 1218 poenamque
1885 1161 1901 1199 a
1919 1153 2010 1197 contu-
2070 1201 2071 1214 χ

1262 1230 1354 1286 macie
1371 1229 1488 1287 mortali
1508 1230 1634 1307 exigere.
1656 1232 1762 1308 Apollo
1781 1229 1885 1289 Niobae
1900 1228 1971 1287 lilios
1986 1228 2008 1284 iu
2070 1227 2071 1308 l

1260 1316 2011 1395 Citbaeronerenantesomuessagittispercumitidem

1259 1426 1317 1482 que
1328 1405 1395 1463 lecit
1407 1405 1515 1477 Diana,
1531 1426 1596 1483 quae
1616 1406 1687 1463 lilius
1706 1405 1810 1463 Niobae
1821 1405 1851 1462 in
1864 1404 1941 1481 regia
1952 1409 2009 1459 Aut·

760 1525 916 1549 ωηο-»-
1261 1494 1377 1572 pbiouis
1386 1493 1540 1552 interemit.
1550 1493 1652 1551 lnielix
1666 1506 1749 1571 pater
1760 1492 1857 1569 gladio
1867 1493 1931 1549 vitae
1939 1493 2009 1547 buerit

734 1596 892 1679 NIOBE
897 1604 925 1678 Α
1260 1581 1407 1659 imposuit,
1418 1581 1511 1641 Niobe
1521 1594 1615 1639 autem
1626 1593 1795 1658 tempestate
1803 1581 1835 1639 in
1845 1580 1961 1657 Lydiam
1971 1577 2011 1634 de·
2070 1563 2071 1586 ¹

930 1659 939 1677 ⁰
1159 1666 1165 1677 '
1260 1668 1317 1727 lata
1334 1669 1399 1728 fatis
1420 1670 1506 1728 cessit
1526 1671 1658 1747 lapisque
1675 1669 1751 1727 laeta
1770 1681 1824 1726 est.
1845 1673 1891 1727 De
1905 1686 2010 1725 autam
2070 1703 2071 1714 .

490 1766 598 1826 Tribus
619 1764 764 1843 tragoediis
781 1763 881 1823 Niobae
898 1764 1040 1823 infelicem
1051 1773 1158 1820 sortem
1181 1759 1217 1818 ab
1261 1757 1418 1816 liberorum
1440 1770 1551 1816 veteres
1576 1778 1635 1815 nou
1660 1758 1846 1815 consentiunt
1870 1777 1960 1835 neque
1981 1755 2010 1811 de
2070 1757 2071 1762 ’

453 1856 586 1930 AEscbylo
597 1855 755 1931 expositam
765 1872 827 1911 esse
840 1865 950 1930 putant,
963 1853 1016 1910 bac
1029 1864 1122 1909 tamea
1138 1850 1219 1907 viro·
1262 1844 1336 1919 loco,
1352 1846 1403 1905 ubi
1414 1846 1466 1905 lilii
1476 1847 1563 1904 occisi
1572 1858 1641 1904 sunt
1650 1844 1702 1905 :ci
1714 1846 1789 1903 Gell.
1801 1849 1873 1919 XX,
1883 1866 1910 1916 7.
2070 1915 2071 1918 Ἴ

453 1963 515 2000 rum
530 1942 681 1999 doctorum
697 1940 882 2011 dissensione,
896 1953 928 1998 ut
940 1940 1107 1998 Welclterus
1120 1942 1219 1996 Nutri-
1300 1935 1445 1993 Welclteri
1460 1949 1503 1993 est
1518 1935 1660 1993 sententia
1677 1955 1695 1992 a
1713 1948 1799 2012 poeta
1814 1946 2010 2011 argumentum,
2070 1961 2071 1986 ο

452 2030 625 2109 eesprimam
638 2027 812 2105 tragediam,
831 2028 982 2085 secundam
993 2027 1120 2099 Niobam,
1134 2028 1217 2085 terti·
1261 2024 1340 2100 qtmd
1356 2026 1524 2098 retulimus,
1546 2026 1596 2081 illa
1614 2044 1678 2082 esse
1695 2022 1829 2101 tragoedia
1850 2024 2009 2101 expositum.

453 2140 498 2176 am
515 2114 692 2199 Προαομποὺς
707 2116 793 2175 luisse
808 2128 906 2195 putet,
927 2116 975 2174 alii
991 2116 1120 2174 ordinem
1133 2114 1218 2173 fabu-
1262 2132 1347 2188 qnam
1359 2112 1477 2194 'l'papobe
1491 2126 1621 2171 vocatam
1633 2132 1695 2171 esse
1707 2114 1758 2170 ait.
1776 2118 1935 2171 Puerorum
1946 2111 2009 2168 enim

453 2210 544 2263 laruua
553 2205 714 2273 immutent,
724 2208 962 2281 Proporuposque
973 2203 1140 2275 secundum,
1152 2203 1219 2261 Nio·
1263 2201 1432 2279 paedagogos
1454 2202 1576 2279 intelligi
1598 2201 1639 2259 ait
1658 2201 1822 2277 liberosque
1841 2200 1942 2259 Niobae
1963 2218 2010 2254 rann

454 2294 520 2351 bam
539 2292 655 2349 tertium
673 2292 768 2348 locum
781 2288 940 2349 obtinuisse
952 2302 1094 2349 censeant.
1110 2296 1218 2350 Verum
1262 2288 1441 2347 introductos
1456 2312 1527 2363 esse,
1537 2290 1587 2347 sed
1600 2291 1691 2348 cboro
1706 2290 1928 2367 paedagogorum
1943 2286 2010 2345 indi-

453 2375 587 2460 'l'popolar,
604 2379 827 2455 quaedicuntur,
844 2380 963 2455 Dionysi
980 2381 1114 2438 Nutrices
1131 2379 1218 2437 luisse
1262 2390 1341 2433 catos
1369 2391 1514 2455 totamque
1534 2379 1655 2456 primam
1680 2378 1842 2454 tragediam
1865 2380 1894 2434 in
1914 2376 2011 2435 descri-

455 2472 635 2525 Hermannus
664 2465 831 2537 affirmavit,
865 2469 1028 2527 Welelterus
1054 2468 1218 2545 tragoediam
1263 2462 1357 2523 benda
1371 2465 1505 2523 felicitate
1518 2468 1650 2545 fastuque
1662 2465 1766 2525 Niobae
1776 2478 1943 2543 riccupatana
1953 2464 2013 2521 iarb-

455 2555 530 2612 allius
560 2554 683 2613 nominis
712 2576 860 2633 nunquam
891 2558 1032 2615 exstitisse
1061 2558 1219 2627 existimat,
1263 2555 1432 2624 se3deinde
1447 2556 1476 2612 in
1493 2556 1582 2613 altera
1600 2554 1735 2632 tragoedia
1750 2553 1874 2613 Niobam
1890 2551 2011 2611 introda-
2070 2547 2071 2556 ’

454 2642 1118 2723 ‹leindellermaumrs‹lePropompisdubitat,
1133 2664 1218 2723 quam
1263 2654 1337 2700 ctam
1359 2644 1389 2700 in
1401 2645 1535 2721 sepulcro
1557 2644 1713 2702 liberorum
1740 2662 1858 2701 suorum
1879 2642 2012 2699 sedentem

457 2732 622 2790 Welekerus
639 2732 795 2789 certissime
814 2732 976 2809 tragaediam
997 2733 1083 2791 luisse
1098 2732 1217 2810 judicat.
1262 2732 1459 2809 continuoque
1485 2746 1640 2802 tacentem,
1665 2732 1735 2790 dum
1758 2732 1863 2789 ebonis
1885 2731 1968 2787 multa
1988 2742 2012 2783 et

454 2820 683 2880 Tantavirorum
695 2821 723 2878 in
735 2821 931 2879 controversia
942 2821 1175 2898 quisdicat,quid
1184 2821 1220 2878 sit
1263 2819 1348 2896 longa
1374 2821 1501 2879 carmina
1525 2822 1673 2892 recitaret,
1698 2840 1793 2897 neque
1816 2820 1898 2897 prius
1922 2818 2012 2876 silentii

457 2908 583 2983 AEscbyli
597 2908 781 2966 babendum?
1264 2908 1347 2965 linem
1362 2908 1467 2965 farctum
1479 2927 1551 2981 esse,
1563 2928 1647 2985 quam
1661 2908 1754 2966 Nioba
1765 2906 1875 2965 abitum
1887 2926 1967 2964 surim
1975 2907 2013 2962 iu·

497 2996 592 3055 Niobe
617 3008 712 3053 autem
736 3008 859 3053 matrum
878 2995 958 3053 facile
978 2995 1136 3053 felicissima
1156 2996 1219 3054 luit.
1264 2996 1382 3053 dicaret.
1398 2997 1524 3054 Cborum
1538 3017 1574 3054 ex
1585 2996 1701 3053 senibus
1714 2996 1860 3054 Thebanis
1879 2993 2013 3071 corrqmsi-
2053 3015 2058 3027 ·

456 3085 570 3141 Tantali
581 3104 670 3159 quum
684 3098 756 3140 esset
766 3082 874 3155 lilia,ab
884 3088 956 3141 Jove
965 3084 1076 3160 generis
1086 3086 1128 3141 sui
1137 3085 1221 3161 origi·
1265 3097 1324 3141 tutu
1338 3085 1423 3142 luisse
1433 3087 1503 3141 rult.
1514 3086 1641 3142 Tertiam
1653 3086 1820 3160 tragrediam
1833 3084 2013 3141 Welckerusa

458 3190 522 3226 rtem
538 3172 666 3249 repetiit,
684 3184 715 3228 ut
728 3185 817 3250 nupta
837 3173 889 3230 l'uit
905 3171 1077 3250 Amphioni,
1096 3174 1145 3251 qui
1162 3194 1220 3232 non
1265 3185 1350 3250 poeta
1361 3174 1400 3231 ita
1412 3174 1453 3231 ait
1464 3173 1664 3251 compositam,
1675 3186 1706 3231 ut
1715 3172 1810 3231 Nioba
1821 3172 1858 3231 sit
1868 3172 1896 3228 iu
1908 3169 2013 3246 Lydiam

459 3259 553 3315 anitius
573 3260 676 3318 celesti
698 3261 807 3336 origiue
827 3261 1011 3336 gloriabatur.
1038 3263 1172 3320 Maxitnae
1194 3263 1219 3320 ei
1265 3262 1358 3319 delata
1370 3262 1405 3320 ad
1422 3274 1532 3340 patrem
1544 3263 1709 3332 Tantalum,
1723 3262 1774 3338 qui
1788 3267 1890 3319 lovem
1902 3260 2013 3322 inroret,

457 3347 641 3423 contigerunt
656 3347 773 3422 divitiae,
790 3350 873 3405 rnrllae
886 3349 1005 3426 majores
1017 3369 1102 3427 quam
1112 3361 1221 3428 septem
1266 3362 1297 3406 ut
1311 3351 1425 3408 miseria
1440 3350 1566 3407 finiatur.
1582 3355 1682 3425 itaque
1693 3343 2016 3426 paterdednaquebomi·

459 3432 583 3492 liliorum
605 3435 780 3511 totidemque
800 3435 920 3494 filiarum
941 3457 1085 3494 ntrrnerus.
1106 3443 1143 3494 At
1163 3459 1221 3495 non
1266 3457 1391 3515 numque
1406 3437 1528 3496 Niobam
1542 3439 1692 3495 miseratus
1709 3439 1738 3494 in
1754 3437 1878 3514 lapidem
1896 3433 2015 3496 mutarit,

458 3522 525 3579 tulit
550 3523 676 3580 mortalis
703 3523 808 3581 lentina
828 3537 936 3582 tautam
961 3526 1141 3598 felicitatem,
1165 3547 1222 3604 qua
1266 3525 1313 3581 cui
1331 3537 1478 3602 perpetuae
1493 3525 1618 3582 lacrimae
1634 3525 1683 3582 diu
1697 3538 1844 3601 noctuque
1854 3532 2013 3580 emanarent

457 3610 535 3686 justo
555 3611 657 3668 elatior
677 3611 755 3688 ipsos
781 3611 851 3668 deos
873 3625 1056 3670 contemnere
1076 3633 1143 3671 ausa
1165 3626 1221 3686 est,
1266 3613 1427 3692 Προπομποί
1436 3625 1530 3669 autem
1541 3631 1646 3670 nomeu
1660 3613 1713 3669 suit
1728 3611 1870 3687 tragoediae
1879 3631 1914 3668 ex
1927 3608 2011 3664 ll'elc·

460 3698 591 3776 inprimis
605 3699 916 3777 Latonam,Apolliuis
931 3714 960 3758 et
976 3702 1074 3758 Dianae
1087 3714 1223 3771 matrem,
1267 3699 1327 3756 lteri
1355 3701 1504 3758 sententia.
1530 3699 1680 3757 Thebanos
1711 3701 1789 3756 euim
1810 3700 1880 3756 dicit
1905 3695 2014 3755 Niobam

459 3785 538 3863 quod
553 3785 625 3844 datos
638 3787 837 3844 tantummodo
851 3787 956 3845 liberos
966 3790 1119 3866 pepererit,
1130 3811 1224 3868 neque
1267 3801 1437 3864 prosecutos
1450 3807 1511 3844 esse
1522 3788 1696 3865 eosdemque
1705 3788 1826 3845 chorum
1839 3785 2015 3844 constituisse.

460 3872 551 3930 aradiit
563 3875 743 3944 monitorem,
756 3875 806 3954 qui
820 3875 947 3934 animum
961 3896 1014 3953 pro
1024 3889 1101 3934 sorte
1111 3881 1222 3938 mortali
1268 3881 1401 3933 Ceterum
1413 3875 1578 3953 tragediam
1591 3878 1716 3934 maxima
1730 3877 1870 3952 gravitate
1880 3874 2014 3951 conspice

461 3960 625 4019 babendum
639 3963 735 4020 suasit.
1268 3982 1314 4021 am
1332 3963 1502 4040 egregieque
1518 3965 1552 4020 ad
1568 3965 1680 4022 animos
1692 3966 1855 4022 auditorum
1873 3960 2018 4020 movendos

501 4051 586 4106 Forte
598 4064 692 4107 antem
711 4050 823 4120 inridit,
847 4061 878 4107 at
905 4050 1108 4110 venerabunda
1127 4055 1225 4113 multi·
1268 4064 1363 4129 aptam
1374 4053 1459 4110 luisse
1470 4071 1507 4109 ex
1520 4053 1645 4129 antiquis
1657 4053 1848 4131 grammaticis
1859 4067 2020 4109 commemo

463 4135 533 4192 tado
545 4158 561 4193 a
575 4137 683 4196 Tiresia
692 4151 756 4195 vate
768 4138 811 4195 vel
828 4137 853 4214 ej
858 4159 889 4196 us
903 4139 959 4198 lilia
973 4141 1108 4198 Mantoue
1122 4141 1224 4201 admo·
1268 4153 1320 4198 rat.
1330 4145 1510 4199 Hermanuus
1519 4140 1617 4198 Niobae
1628 4141 1769 4218 tragediae
1778 4159 1891 4198 scenam
1901 4141 1929 4196 in
1938 4137 2020 4214 Lydia

463 4223 520 4281 uita
537 4229 653 4282 Latonae
665 4247 729 4284 aras
742 4228 879 4302 erigeret,
900 4247 980 4286 saera
1000 4227 1121 4304 laceret,
1143 4231 1224 4291 deam
1269 4231 1356 4288 luisse
1367 4231 1461 4302 docet,
1472 4230 1829 4306 convenientissimumque
1838 4241 1919 4308 putat
1929 4229 1952 4285 si
1963 4227 2021 4304 «puis

463 4309 622 4369 iuratoribus
639 4327 869 4390 prosequeretur.
887 4318 959 4385 Quae
976 4335 1064 4394 quum
1083 4319 1225 4379 resciisset
1268 4337 1305 4378 cx
1318 4318 1405 4395 Lydis
1424 4317 1592 4376 trrrrlieribus
1614 4318 1735 4376 chorum
1757 4304 1948 4396 compositum
1962 4314 2022 4373 exi·

465 4397 573 4468 Niobe,
598 4413 712 4478 pectore
735 4422 792 4458 non
817 4401 934 4460 retinuit
953 4403 1024 4460 iram
1046 4425 1139 4482 neque
1162 4410 1226 4467 tulit
1268 4407 1374 4464 stimet.

465 4487 722 4565 ignominiamque
734 4509 764 4545 se
776 4491 887 4566 putarit
897 4490 1037 4561 allectam,
1050 4494 1127 4570 quod
1138 4497 1227 4572 potis·
1310 4503 1345 4551 At
1357 4494 1470 4565 omnia,
1486 4512 1549 4570 qnae
1562 4493 1665 4568 retuli,
1680 4492 1765 4550 valde
1778 4492 1909 4568 ambigua
1924 4501 1988 4548 sunt
1998 4501 2021 4543 et

464 4575 566 4632 simum
584 4575 625 4633 itti
641 4575 715 4650 deae,
737 4598 824 4655 quam
845 4580 974 4637 omnium
990 4581 1111 4638 maxime
1127 4604 1227 4659 prese
1271 4583 1390 4641 fallacia.
1403 4586 1447 4640 Ne
1459 4581 1580 4638 diriuari
1596 4581 1712 4658 quidem
1729 4593 1835 4658 potest,
1848 4579 1938 4656 qualis
1951 4597 2023 4636 com·

465 4675 670 4737 contemneret,
682 4665 783 4722 civitas
797 4684 876 4722 sacra
889 4664 1000 4724 laceret.
1015 4672 1115 4745 ltaque
1127 4672 1227 4731 relicta
1271 4672 1378 4750 positio
1399 4669 1485 4726 srterit
1507 4669 1643 4746 trilogiae,
1672 4689 1765 4746 neque
1790 4667 2023 4746 quemadmodum

466 4748 553 4808 doruo
576 4749 606 4806 in
628 4751 753 4810 medium
774 4751 872 4830 prodit
894 4754 1038 4832 sacrisque
1061 4755 1228 4819 disturbatis
1271 4769 1486 4834 argumentum,
1513 4777 1572 4833 quo
1600 4756 1702 4815 Niobae
1732 4777 1795 4812 sors
1822 4755 2024 4816 continebatur,

468 4839 632 4914 populoque
650 4840 687 4898 ab
710 4840 831 4898 incensis
854 4855 964 4899 remoto
989 4843 1061 4915 aris,
1090 4844 1228 4921 bonores,
1273 4861 1359 4926 poeta
1373 4847 1575 4922 explicaverit,
1595 4865 1688 4922 neque
1702 4864 1787 4920 aquo
1804 4844 1915 4902 initium
1932 4841 2026 4899 fabule

468 4925 517 5001 qul
544 4927 605 4983 dete
626 4929 717 5004 parati
740 4941 838 5000 erant,
864 4929 919 4988 sibi
940 4929 1028 4988 tribui
1045 4930 1139 5008 jubet.
1155 4939 1227 4994 Fru—
1272 4935 1309 4990 sit
1321 4933 1490 5011 repetitum,
1506 4953 1599 5008 nmque
1612 4953 1677 5010 quae
1688 4934 1717 4989 in
1729 4953 1813 4989 scena
1827 4934 1885 4989 sint
1896 4930 2026 5008 exposita·

468 5023 527 5068 stra
545 5011 727 5086 admonetur,
757 5027 788 5071 ut
811 5013 928 5073 desistat
945 5015 981 5073 ab
1004 5015 1104 5075 audaci
1123 5036 1228 5078 conatu
1273 5022 1467 5080 Perobscurus
1483 5019 1562 5079 locus
1575 5035 1618 5078 est
1631 5022 1709 5097 aqrnd
1723 5023 1905 5079 Aristotelem
1918 5021 1946 5078 in
1964 5027 2027 5076 Arte

469 5096 587 5174 deasque
599 5101 660 5177 ipsa
674 5102 823 5180 supplicet.
838 5107 900 5161 Non
917 5103 996 5160 artdit
1011 5103 1114 5176 ullum,
1129 5109 1180 5183 ‹qui
1193 5109 1230 5166 ad
1274 5121 1352 5187 poet.
1365 5113 1517 5182 xvt1t‚17
1530 5106 1730 5188 fumantem
1744 5107 1823 5167 Ἰλίου
1832 5106 1896 5178 ὅλην
1909 5105 2028 5174 enotare

471 5185 617 5244 meliorem
637 5201 759 5247 mentem
779 5190 987 5267 suscipiendam
1009 5211 1070 5248 earm
1090 5192 1230 5270 hortetur,
1274 5196 1318 5256 aad
1337 5195 1375 5274 pal
1393 5197 1461 5254 arrad
1477 5195 1554 5277 μέρος
1566 5194 1655 5279 dmnrp
1673 5198 1813 5276 Εὐριπίδης
1826 5194 1925 5264 Naidas
1938 5188 2029 5266 aelel

471 5271 522 5330 sed
535 5273 731 5336 vehementius
742 5277 827 5336 etiam
842 5279 951 5335 irritata
964 5279 1111 5336 minitatur
1122 5281 1167 5338 vel
1180 5287 1231 5340 Jo-
1274 5281 1362 5363 ὥσπερ
1372 5281 1542 5362 Αῑοχύλοαῆ
1557 5282 1724 5342 ἐκπίπτουσιν
1733 5283 1846 5354 imme
1860 5281 2030 5361 aymam

472 5360 516 5418 vis
533 5361 685 5440 templum,
701 5364 725 5421 si
741 5365 787 5422 ille
802 5366 921 5422 consilio
938 5385 991 5424 stro
1010 5387 1039 5424 se
1052 5371 1231 5445 opposuerit,
1275 5372 1328 5430 llic
1345 5371 1425 5428 lectas
1440 5376 1517 5428 varie
1532 5371 1695 5450 ,explicatus
1716 5386 1758 5430 est
1771 5371 1809 5428 ab
1823 5365 2028 5446 interpretibus

472 5467 503 5512 se
517 5447 728 5509 combusturam
744 5471 857 5528 unaque
867 5453 973 5530 regiam
987 5454 1167 5536 Amphionis,
1179 5477 1232 5516 ne·
1278 5463 1468 5523 Hermanuus.
1484 5471 1515 5518 ut
1525 5472 1590 5518 aute
1601 5458 1734 5531 diximus,
1749 5461 1883 5539 Σοφοκλῆς
1893 5477 1943 5535 pru
1956 5455 2029 5532 rap
