4567 6425
817 754 1027 818 soraoctts
1047 752 1291 815 FRAGMENTA.

277 888 407 967 πάτραν,ν
426 890 533 967 άτορον,
547 888 677 968 ἄδενδρον,
695 876 747 944 οἷον
766 884 937 965 λιωτετρὶαν.
963 884 1029 963 an.

275 978 392 1057 Ἰοόατῃ.
410 976 601 1036 helereudum
617 990 658 1033 est
677 975 866 1051 fragmentum
883 972 917 1029 ad
931 991 1030 1029 saxttut

276 1070 461 1138 inaccessum,
472 1064 548 1123 unde
561 1064 676 1121 detrmli
687 1061 878 1139 Bellerophon
891 1060 990 1138 possit.

605 1212 711 1227 t*

547 1314 763 1375 suauitas.

318 1457 427 1509 llomea
441 1451 520 1508 varie
530 1448 664 1507 scribitur
674 1450 750 1527 apud
762 1462 882 1521 veteres,
895 1450 956 1506 aliis
971 1450 1032 1507 lor-

278 1558 355 1597 mam
364 1538 487 1595 nominis
498 1540 527 1595 in
537 1560 577 1607 ας,
588 1539 652 1595 aliis
662 1540 690 1593 iu
705 1561 727 1603 ις
738 1538 869 1595 exstantis
881 1538 1033 1614 praelerea-

280 1626 366 1685 tibns.
383 1625 535 1683 Athenaeus
555 1639 709 1702 utrumque
728 1624 831 1695 habet,
853 1626 1033 1701 Plutarchus,

279 1715 392 1785 Pollux,
406 1713 570 1773 Eustatbius
582 1711 877 1792 Odpupu,·scholiasta
896 1713 1032 1791 Sophocl.

280 1803 316 1861 ad
329 1802 436 1878 OEdip.
452 1804 513 1861 Col.
529 1804 596 1873 378,
612 1803 694 1860 Plato
708 1800 838 1879 Θαμόραν
856 1801 1035 1879 eandemque

281 1892 402 1948 sormam
418 1891 594 1967 Propertius,
609 1888 739 1946 (lvidim.

321 1979 438 2037 Fundus
457 1979 581 2036 historiae
601 1982 741 2035 Homerus
754 1990 798 2034 est
813 1977 892 2036 Iliad.
911 1982 944 2045 B,
959 1978 1033 2054 59'1·

281 2069 358 2124 60⁰:
805 2058 809 2071 Ι

533 2150 587 2211 Καὶ
598 2149 708 2231 Δόιριον,
721 2151 780 2209 ἔνθα
791 2175 820 2210 τε
833 2154 937 2211 Μοῦσαι

341 2241 480 2317 ἀντόμεναι
494 2240 615 2321 Θάμυριν
628 2239 673 2298 τόν
687 2239 791 2321 Θρήικα
804 2245 907 2298 παῦσαν
920 2240 1034 2309 ἀοιδῆς...

342 2334 432 2388 στεῦτο
442 2328 492 2409 γάρ
506 2327 642 2409 ιόχόμενος
654 2326 793 2404 νικησέμεν
808 2329 881 2407 εἴπερ
893 2328 924 2385 ἂν
940 2328 1015 2385 αὐταὶ

343 2420 447 2476 Μοῦσαι
461 2418 579 2487 ἀείδοιεν,
594 2422 685 2493 κοῦραι
697 2415 757 2480 Διὸς
770 2414 906 2494 αἰγιόχοιο.

344 2509 378 2565 hl
392 2504 419 2565 dl
431 2504 618 2583 χολωσάμεναι
630 2503 713 2583 πηρὸν
727 2503 815 2574 dione,
828 2502 911 2580 αὐτάρ
927 2502 1017 2573 ἀοιδὴν

343 2594 481 2663 θεσπεσίην
495 2591 618 2673 ἀριλοντο
635 2592 680 2649 καὶ
691 2590 829 2651 ἐκλέλαθον
840 2591 997 2671 κιθαριστύν.
1034 2640 1038 2651 .

284 2717 327 2773 (tt.
341 2718 432 2773 schol.
456 2714 492 2772 arl
513 2714 590 2771 baruc
609 2715 627 2771 l.
646 2727 676 2771 et
697 2714 826 2773 Eustatb.
845 2733 875 2790 p.
896 2716 965 2788 298,
992 2721 1036 2782 4ο.

285 2804 428 2862 Hesiodus
454 2802 532 2880 apud
556 2802 732 2879 Stephanum
760 2802 790 2859 in
814 2822 883 2878 agro
907 2802 1037 2861 llotiensi

284 2889 1039 2966 ‹mcaecmruuirremorat,quodlaeileexDoriomutari

285 2979 388 3054 potuit.
404 2977 536 3056 Apollod.
550 2978 572 3049 Ι,
586 2979 613 3044 3,
627 2980 783 3049 aranon.
799 2982 847 3045 Ν,
866 2979 913 3047 33,
934 2986 967 3047 43
984 2982 1038 3047 lX,

286 3068 314 3133 5,
329 3074 364 3136 Α,
377 3068 416 3134 Χ,
429 3086 457 3135 7.
471 3086 498 3123 α.
508 3063 593 3141 Apud
606 3083 705 3121 ramnes
713 3066 868 3142 scriptores
878 3066 975 3123 Thrax
986 3078 1039 3133 est,

286 3154 489 3209 l‘bilatumouis
510 3166 539 3209 et
568 3153 702 3231 Argiopae
719 3154 806 3222 lilius3
829 3174 845 3209 a
866 3152 1036 3230 quibusdam

285 3263 350 3300 rum
365 3243 483 3319 Orpheo
498 3255 688 3320 comparatur.
703 3242 923 3300 l'lutarrbuslle
933 3263 1038 3301 mose.

287 3333 301 3384 l
316 3332 376 3389 ait:
393 3328 513 3411 Θάμυριν
526 3329 554 3386 dl
567 3329 597 3388 τό
613 3330 685 3405 γάνος
699 3332 792 3409 Θρᾷκα
807 3327 980 3411 εὐφωνότερον
993 3333 1038 3390 καὶ

286 3419 473 3498 ἐμμελέστερον
488 3419 593 3477 πάντων
606 3421 658 3477 τῶν
667 3417 726 3477 τότι
740 3409 844 3499 {aaron
852 3429 909 3484 ταῖς
921 3418 1038 3484 Μυόσαις

285 3505 352 3564 κατὰ
365 3505 426 3574 τοὺς
443 3505 552 3577 ποιητάς
569 3509 604 3570 εἰς
624 3509 712 3583 ἀγῶνα
731 3511 909 3577 καταστῆναι·
923 3529 1039 3576 πεποιη-

285 3595 359 3650 κέναι
374 3593 401 3652 δὲ
413 3601 501 3652 τοῦτον
518 3597 660 3672 ἱστορεῖται
679 3593 800 3653 Τιτάνων
813 3593 877 3674 πρὸς
891 3591 949 3660 τὼς
968 3594 1040 3660 θεοὺς

285 3681 408 3760 πολεμον.
430 3681 619 3740 ΜιιιιοιολιίΙσ
638 3695 681 3740 est
705 3682 784 3758 quod
806 3703 822 3740 a
844 3683 991 3761 plerisque
1012 3685 1039 3742 ei

285 3767 394 3826 eithara
407 3769 583 3838 attribuitur,
595 3787 628 3825 ac
638 3781 705 3826 suot
721 3772 806 3826 etiarn
817 3772 867 3848 qui
886 3791 954 3828 eum
970 3791 1039 3828 rore

286 3875 368 3913 usum
384 3870 486 3932 rregrut
501 3857 583 3933 (Fiat.
604 3861 667 3914 lou.
685 3877 711 3933 p.
726 3856 803 3928 533),
824 3857 903 3935 qrtod
922 3857 958 3916 ad
979 3863 1037 3916 Do·

286 3945 351 4000 ricae
365 3944 519 4002 hartuoniae
529 3945 722 4003 inventionem
736 3945 901 4006 retulerant.

324 4032 382 4089 Sed
396 4043 427 4089 ut
439 4033 475 4089 arl
498 4033 670 4110 Sophoclem
686 4033 844 4102 redeamus,
867 4055 927 4094 non
949 4035 1039 4093 ‹lubi-

286 4120 405 4177 tandum
421 4131 464 4176 est
481 4120 551 4196 «prin
567 4121 723 4195 Thamyras
739 4133 770 4176 ut
787 4120 934 4179 citharista
949 4124 1039 4181 iutro·

284 4207 390 4264 eluctus
399 4207 445 4263 sit.
464 4209 507 4263 lta
520 4207 643 4283 scriptor
655 4207 728 4264 Vitae
738 4208 907 4285 Sophoclis:
925 4211 999 4270 Φασὶ
1012 4210 1039 4268 δά

283 4293 325 4350 ότι
348 4293 393 4352 καὶ
415 4293 523 4372 κιθάραν
545 4293 684 4352 άναλαόὼν
707 4296 734 4351 ἐν
759 4295 831 4374 μόνῳ
855 4301 894 4376 τῷ
906 4299 1040 4378 Θαμύριδί

216 4413 220 4422 -
283 4405 348 4439 τοτε
363 4381 522 4462 ἰαιθάρισεν·
542 4381 598 4440 ὅθεν
618 4381 663 4439 καὶ
682 4383 708 4438 ἐν
729 4385 762 4460 rip
776 4383 882 4463 ποικίλῃ
896 4394 960 4466 στοᾶΙ
974 4385 1040 4460 μετά

284 4467 392 4546 κιθάρας
412 4467 488 4527 αὐτὸν
508 4469 659 4550 γεγράφθαι.
684 4470 786 4529 Athen.
804 4491 831 4548 p.
847 4493 884 4529 ao
897 4495 903 4529 :
918 4473 972 4533 Τὸν
984 4475 1041 4534 Θά·

284 4579 363 4635 μυριν
377 4555 506 4614 διδάσκων
520 4556 595 4623 αὐτὸς
611 4558 762 4637 ἐκιθάρισεν.
781 4561 949 4620 Welckerus
962 4563 1039 4640 apud

283 4647 454 4721 scriptorem
472 4646 545 4701 l'itae
563 4646 590 4703 ir
615 4647 726 4725 μονῳόῷ
747 4645 881 4726 Θαμόριδι
900 4651 1045 4719 correxit,

283 4731 363 4806 quod
384 4732 573 4788 necessarium
586 4753 641 4788 non
656 4732 776 4791 ridetur.
789 4738 858 4792 Nam
873 4755 960 4812 aptarim
975 4751 1041 4796 arue

285 4819 444 4876 narraverit
457 4819 628 4895 Sophoclem
644 4835 763 4898 propter
780 4823 858 4880 vocis
874 4826 1040 4885 tenuitatem

283 4907 339 4964 arti
358 4905 518 4963 histrionali
534 4927 651 4984 operam
668 4929 726 4966 uon
746 4909 867 4978 dedisse,
886 4913 969 4970 barile
985 4934 1040 4990 ap-

285 5005 378 5067 paret,
394 4992 417 5049 si
430 4993 458 5048 in
472 4993 534 5050 solo
547 4995 720 5070 Tlramyride
737 5016 839 5055 canere
855 4999 963 5056 cithara
979 5013 1041 5058 ten-

285 5081 368 5148 tarit,
389 5079 418 5135 irl
439 5081 517 5156 quau!
534 5102 621 5139 ιιιιιιιιι
642 5085 753 5160 egregie
774 5085 852 5156 lecit,
874 5101 952 5146 recte
969 5087 1041 5144 illud

285 5167 453 5242 praui-erlem,
469 5168 548 5244 ‹pmd
563 5171 687 5246 scriptor
699 5173 772 5230 t'irae
785 5175 929 5233 memoriae
942 5175 1043 5252 prodi-

284 5255 337 5310 dit.
351 5257 379 5310 si
394 5257 463 5330 quill
477 5257 774 5332 rorrigrmlmnesset,
787 5261 924 5340 κιθαρῳδῷ
936 5264 1039 5337 prele-

1779 770 1834 820 ast

1084 886 1205 942 remlmu
1218 906 1369 944 censerent.
1380 888 1422 945 Cl.
1435 887 1524 945 srltol.
1538 889 1618 947 eina
1633 890 1730 948 lsthtu.
1741 892 1776 961 V,
1789 892 1837 963 36,

1084 972 1173 1031 schol.
1188 974 1223 1029 ad
1244 972 1324 1031 Iliad.
1346 978 1383 1045 0,
1400 984 1466 1045 lio,
1481 977 1607 1035 Ettstatb.
1628 997 1656 1055 p.
1679 978 1761 1047 roa'l,
1784 980 1836 1049 13,

1085 1058 1189 1117 Athen.
1196 1064 1274 1132 xlv,
1283 1079 1310 1136 p.
1321 1062 1389 1130 632,
1397 1066 1428 1119 C.
1439 1063 1837 1121 PraeteteaWelckeruscerta·

1086 1167 1150 1205 men
1161 1148 1235 1205 inter
1246 1152 1339 1206 illusas
1351 1163 1379 1205 et
1390 1150 1561 1228 Tlraruyrum
1575 1150 1701 1227 disputat
1714 1164 1837 1207 tautum-

1086 1235 1172 1293 modo
1181 1254 1198 1292 a
1207 1236 1313 1293 nuncio
1323 1236 1421 1294 referri
1434 1238 1645 1315 potuisse,quia
1657 1238 1826 1296 tlieiuusllu

1086 1342 1180 1379 sarum
1196 1336 1295 1380 cautus
1315 1324 1500 1381 imitationem
1517 1344 1573 1381 uon
1589 1326 1684 1382 tulerit
1698 1330 1749 1381 uec
1763 1326 1838 1383 'lba-

1085 1430 1174 1487 myrre
1195 1411 1345 1468 occaecatio
1366 1412 1394 1468 in
1415 1432 1498 1469 sceua
1520 1414 1670 1470 moustrari
1696 1415 1834 1489 potuerit,

1084 1513 1228 1557 certamen
1245 1511 1339 1556 autem
1355 1500 1394 1556 ait
1408 1501 1461 1557 uisi
1476 1500 1506 1557 in
1526 1520 1605 1559 sacro
1621 1506 1764 1557 lllusarum
1779 1503 1837 1557 lieri

1086 1587 1129 1645 vel
1139 1586 1169 1644 iu
1181 1587 1280 1663 aprico
1292 1586 1356 1644 loco
1374 1607 1431 1645 non
1443 1590 1581 1664 potuisse,
1592 1588 1667 1647 haud
1679 1587 1766 1647 dubie
1781 1608 1838 1645 urm

1085 1678 1116 1735 io
1133 1696 1198 1736 arce
1213 1676 1373 1753 Thamyrae.
1388 1682 1430 1735 lta
1442 1679 1526 1736 ctiam
1541 1679 1622 1737 acite
1632 1678 1756 1754 judicem
1769 1677 1840 1735 divi-

1086 1784 1154 1823 uum
1164 1764 1399 1842 adhiberihtqui
1414 1766 1438 1823 si
1450 1765 1604 1842 fragmenta
1614 1764 1793 1843 expendisset
1802 1764 1847 1823 tli-

1086 1852 1267 1930 ligentius,iu
1279 1872 1341 1909 earn
1353 1854 1517 1931 opinionem
1532 1874 1587 1911 ιιοιι
1603 1855 1755 1912 incidisset.
1766 1853 1837 1911 lllml

1087 1954 1230 2000 certamen
1254 1960 1365 1999 summa
1387 1942 1442 1998 luit
1471 1944 1558 1999 tutius
1585 1942 1728 2019 ttagoetliae
1748 1962 1840 2018 neque

1087 2028 1229 2087 removeri
1250 2028 1345 2104 potttit
1367 2029 1420 2086 nisi
1443 2030 1573 2086 frustrari
1592 2042 1674 2105 poeta
1696 2030 1841 2087 auditores

1089 2116 1194 2186 volaria
1223 2114 1327 2171 deiude
1356 2134 1413 2172 uon
1442 2114 1642 2191 querebatur,
1667 2129 1730 2173 uter
1751 2128 1840 2172 artem

1088 2205 1224 2261 musicam
1241 2202 1339 2260 melius
1355 2202 1506 2275 lectitaret,
1518 2203 1567 2261 sed
1582 2217 1646 2261 uter
1659 2205 1774 2260 meliora
1790 2224 1840 2259 ra-

1089 2301 1178 2348 ueret.
1201 2290 1259 2359 Qui
1282 2302 1382 2347 curura
1413 2290 1484 2347 deos
1511 2290 1700 2361 contendunt,
1735 2290 1841 2367 probra

1088 2379 1210 2435 deorum
1233 2377 1261 2433 in
1285 2376 1410 2435 medium
1439 2378 1601 2455 proleruot;
1625 2380 1673 2456 qui
1698 2398 1752 2456 pro
1773 2378 1843 2441 diis,

1088 2466 1201 2543 egregia
1219 2465 1333 2522 illorum
1357 2466 1428 2521 frusta
1445 2479 1610 2523 memorant.
1630 2466 1748 2524 Accedit
1766 2465 1844 2541 ιμιυιΙ
1884 2456 1888 2465 ’

1088 2574 1152 2630 qnae
1186 2552 1343 2628 Thamyras
1370 2555 1496 2611 victoriae
1527 2556 1642 2631 praemia
1675 2555 1843 2631 postularit,

1089 2641 1216 2719 uulgaria
1232 2654 1323 2713 eraut,
1336 2660 1372 2699 ne
1385 2641 1478 2698 dicam
1492 2644 1596 2719 turpia.

1128 2730 1158 2787 si
1184 2729 1271 2805 igitur
1293 2742 1393 2787 cantus
1420 2734 1567 2787 Musarum
1591 2752 1765 2788 necessarius
1791 2734 1845 2789 luit

1092 2816 1250 2893 tragoediae,
1273 2836 1332 2873 non
1358 2815 1548 2874 dubitandum
1577 2830 1620 2874 est
1642 2820 1710 2895 quio
1735 2819 1790 2877 illae
1817 2822 1844 2877 in

1089 2905 1181 2963 choro
1195 2904 1307 2962 luerint.
1322 2911 1438 2963 (lernam
1451 2918 1492 2961 est
1505 2903 1621 2981 quidem
1637 2906 1696 2963 illas
1709 2908 1845 2965 certami-

1091 2990 1252 3068 nisjudires
1263 3010 1324 3049 esse
1338 3011 1395 3047 nou
1409 2991 1553 3067 potirissc:
1569 3004 1596 3049 at
1611 3010 1694 3049 causa
1705 2992 1782 3049 urtlla
1793 3006 1845 3061 cst,

1090 3098 1173 3137 cura
1192 3079 1330 3156 tragedia
1352 3091 1575 3137 removerentur.
1594 3085 1687 3137 latmo
1710 3080 1763 3137 uisi
1784 3092 1847 3137 toto

1090 3167 1163 3226 coelo
1176 3185 1193 3225 a
1205 3186 1275 3226 veru
1295 3166 1410 3238 aberro,
1431 3166 1507 3244 apud
1527 3166 1677 3244 Sophoclis
1696 3167 1788 3226 schol.
1809 3168 1844 3226 ad

1090 3255 1167 3316 0Ed.
1181 3256 1241 3314 Col.
1264 3255 1320 3326 378
1343 3275 1378 3312 ex
1400 3256 1529 3332 ipsorum
1551 3269 1635 3313 catatu
1658 3257 1847 3332 lragtueutmu

1090 3359 1232 3402 serratum
1257 3357 1309 3416 est,
1332 3345 1409 3421 quod
1430 3359 1457 3402 et
1482 3365 1513 3404 rc
1536 3366 1603 3423 quae
1621 3361 1797 3404 meuuuatur
1818 3361 1846 3404 et

1091 3453 1189 3491 versus
1202 3446 1294 3490 metro
1302 3433 1455 3510 judicatur.
1469 3438 1533 3492 Nun
1547 3433 1713 3512 rebagabor
1730 3434 1845 3514 qrridetu

1090 3522 1113 3578 si
1127 3521 1192 3596 quis
1202 3521 1328 3596 judicem
1341 3521 1534 3580 introductum
1545 3535 1665 3594 censeat,
1676 3543 1846 3600 quamquam

1091 3607 1257 3666 credibilius
1284 3608 1368 3666 anobis
1395 3629 1457 3667 esse
1490 3608 1605 3667 ridetur
1632 3623 1738 3667 taluam
1762 3610 1847 3668 luisse

1090 3697 1224 3756 carminis
1241 3701 1387 3754 Musarum
1403 3697 1602 3774 praestantiam,
1619 3709 1651 3753 ut
1660 3696 1757 3772 judice
1773 3719 1847 3780 opm

1091 3805 1149 3842 non
1163 3785 1257 3843 luerit.
1276 3783 1414 3863 Idemque
1429 3784 1506 3862 apud
1521 3783 1657 3842 Ovidium
1677 3804 1729 3842 usu
1751 3789 1848 3842 tenire

1090 3873 1232 3932 videnum

1131 3963 1301 4040 Fragrueuta
1319 3962 1469 4018 attraximaru
1489 3973 1597 4037 partem
1613 3974 1678 4018 sum
1696 3962 1847 4038 ejusuuub‚

1093 4061 1124 4106 ut
1145 4069 1180 4106 εκ
1202 4048 1378 4104 carminibus
1400 4062 1510 4124 stuupta
1532 4067 1594 4103 esse
1619 4067 1743 4106 censeas.
1766 4049 1848 4106 lticta

1093 4149 1164 4214 puto
1178 4137 1265 4192 urtdta
1279 4135 1314 4192 de
1330 4137 1490 4211 prestantia
1510 4141 1666 4194 illusarum.
1689 4140 1750 4192 Ηιιυ
1772 4137 1847 4192 resr-

1094 4223 1212 4280 rendum
1247 4235 1289 4278 est
1319 4223 1507 4300 fragmentum
1534 4223 1612 4298 apud
1642 4223 1731 4279 schol.
1767 4225 1848 4282 l’itul.

1093 4311 1191 4368 lstluu.
1206 4317 1239 4380 V,
1252 4311 1305 4366 36:
1318 4311 1448 4388 Σοριστὰς
1460 4309 1507 4386 μὲν
1521 4311 1566 4369 καὶ
1583 4309 1676 4392 σοροὺς
1690 4309 1777 4390 ἶλεγον
1791 4311 1849 4378 robe

1092 4395 1210 4467 ποιητάς.
1227 4399 1377 4480 Σοφοκλῆς·

1143 4525 1225 4604 [⁰¹9]
1243 4527 1318 4590 Mtv'
1333 4524 1371 4602 εἰς
1388 4530 1532 4614 σοφιστὴν
1547 4527 1600 4593 τόν
1613 4529 1695 4618 ἐμόν.

1093 4659 1115 4726 (r
1124 4653 1298 4728 Corrttptum
1311 4663 1353 4708 est
1365 4649 1420 4726 μέν’
1433 4653 1475 4717 εἰς.
1489 4657 1564 4710 Fort.
1578 4652 1670 4728 μένεις.
1685 4681 1696 4704 ν
1711 4657 1850 4729 Diodori.)

1092 4736 1214 4794 Videtur
1228 4737 1331 4814 aliquis
1345 4739 1525 4796 introductus
1540 4761 1610 4811 csse,
1632 4743 1680 4818 qui
1699 4741 1778 4800 raldc
1795 4743 1850 4800 ad·

1094 4826 1212 4882 miratus
1232 4839 1292 4882 erat
1311 4845 1424 4884 earrneu
1447 4833 1607 4898 Musarum,
1630 4831 1675 4886 roi
1696 4829 1767 4886 alius
1786 4831 1851 4906 qaus

1093 4932 1176 4969 sarum
1189 4926 1303 4990 poetam
1320 4915 1456 4991 majorem
1471 4937 1532 4974 esse
1549 4917 1710 4992 respondet.
1722 4917 1849 4976 Eustatlr.

1095 5019 1123 5076 p.
1140 5005 1213 5058 roal
1226 5022 1233 5056 ι
1244 5004 1279 5062 Ol
1294 5002 1400 5060 naharai
1421 5001 1516 5084 σοροὺς
1538 5005 1646 5062 ἐκάλουν
1660 5003 1775 5070 ἅπαντας
1791 5003 1850 5072 τοὺς

1095 5089 1224 5168 τεχνίτας,
1239 5091 1283 5148 καὶ
1298 5093 1433 5172 Σοφοκλῆς
1447 5092 1484 5166 di,
1497 5095 1571 5172 ρτσὶ,
1582 5093 1626 5150 τὸν
1640 5095 1782 5174 κιθαρῳδὸν
1802 5117 1848 5152 σο-

1094 5177 1188 5256 φιστὴν
1203 5176 1282 5254 λέγει,
1297 5200 1356 5255 ‹por›
1375 5183 1405 5238 lit
1427 5180 1575 5256 probabile
1589 5202 1700 5238 remruu
1720 5204 1754 5240 ικ
1774 5184 1850 5242 Thar-

1096 5285 1174 5340 myra
1186 5279 1329 5342 surruptum
1344 5289 1413 5324 csse.
1428 5273 1469 5326 Es
1481 5269 1606 5326 carutiue
1619 5275 1761 5328 hltrsruruu
1774 5274 1850 5348 qaut

283 5371 1851 5406 -—-———-—--————--—-......-......

1052 5435 1115 5484 oto.

905 5511 1034 5578 Exspecta
1046 5524 1137 5566 aarum
1152 5509 1311 5580 sophistam.
