<?xml version="1.0" encoding="UTF-8"?>
<!DOCTYPE html PUBLIC "-//W3C//DTD XHTML 1.0 Transitional//EN"
    "http://www.w3.org/TR/xhtml1/DTD/xhtml1-transitional.dtd">
<html xmlns="http://www.w3.org/1999/xhtml" xml:lang="en" lang="en">
 <head>
  <title>
</title>
<meta http-equiv="Content-Type" content="text/html;charset=utf-8" />
  <meta name='ocr-system' content='tesseract 3.04.00' />
  <meta name='ocr-capabilities' content='ocr_page ocr_carea ocr_par ocr_line ocrx_word'/>
</head>
<body>
  <div class='ocr_page' id='page_1' title='image "./schylietsophocl00sophgoog_0620.png"; bbox 0 0 4567 6425; ppageno 0'>
   <div class='ocr_carea' id='block_1_1' title="bbox 454 750 508 801">
    <p class='ocr_par' dir='ltr' id='par_1_1' title="bbox 454 750 508 801">
     <span class='ocr_line' id='line_1_1' title="bbox 454 750 508 801; baseline -0.056 -1"><span class='ocrx_word' id='word_1_1' title='bbox 454 750 508 801; x_wconf 76' lang='lat'><strong>278</strong></span> 
     </span>
    </p>
   </div>
   <div class='ocr_carea' id='block_1_2' title="bbox 452 860 1208 1299">
    <p class='ocr_par' dir='ltr' id='par_1_2' title="bbox 452 860 1208 1299">
     <span class='ocr_line' id='line_1_2' title="bbox 453 860 1207 944; baseline -0.015 -14"><span class='ocrx_word' id='word_1_2' title='bbox 453 871 536 943; x_wconf 79' lang='lat' dir='ltr'><strong>prreri</strong></span> <span class='ocrx_word' id='word_1_3' title='bbox 550 869 646 929; x_wconf 73' lang='lat' dir='ltr'><strong>testis.</strong></span> <span class='ocrx_word' id='word_1_4' title='bbox 661 867 797 944; x_wconf 84' lang='lat' dir='ltr'><strong>Hesych,</strong></span> <span class='ocrx_word' id='word_1_5' title='bbox 811 866 894 943; x_wconf 85' lang='grc'>[176]</span> <span class='ocrx_word' id='word_1_6' title='bbox 907 893 919 917; x_wconf 77' lang='grc' dir='ltr'>ι</span> <span class='ocrx_word' id='word_1_7' title='bbox 930 866 1013 944; x_wconf 72' lang='grc' dir='ltr'>ἄχνην</span> <span class='ocrx_word' id='word_1_8' title='bbox 1026 860 1207 941; x_wconf 75' lang='grc' dir='ltr'>Λυδῆςιιὲρκί-</span> 
     </span>
     <span class='ocr_line' id='line_1_3' title="bbox 452 955 1207 1032; baseline -0.013 -16"><span class='ocrx_word' id='word_1_9' title='bbox 452 961 562 1031; x_wconf 81' lang='grc' dir='ltr'>ὄος,»Σ.</span> <span class='ocrx_word' id='word_1_10' title='bbox 572 955 772 1017; x_wconf 65' lang='lat' dir='ltr'><strong>bethsames</strong></span> <span class='ocrx_word' id='word_1_11' title='bbox 782 955 811 1011; x_wconf 91' lang='lat' dir='ltr'><strong>in</strong></span> <span class='ocrx_word' id='word_1_12' title='bbox 821 955 974 1032; x_wconf 87' lang='lat' dir='ltr'><strong>sepulchro</strong></span> <span class='ocrx_word' id='word_1_13' title='bbox 983 955 1130 1031; x_wconf 80' lang='lat' dir='ltr'>sepultura</span> <span class='ocrx_word' id='word_1_14' title='bbox 1139 972 1207 1029; x_wconf 86' lang='lat' dir='ltr'><strong>per-</strong></span> 
     </span>
     <span class='ocr_line' id='line_1_4' title="bbox 452 1036 1206 1121; baseline -0.012 -17"><span class='ocrx_word' id='word_1_15' title='bbox 452 1061 515 1105; x_wconf 86' lang='lat' dir='ltr'><strong>acta</strong></span> <span class='ocrx_word' id='word_1_16' title='bbox 526 1048 624 1106; x_wconf 82' lang='lat' dir='ltr'><strong>ellusae</strong></span> <span class='ocrx_word' id='word_1_17' title='bbox 634 1056 710 1103; x_wconf 88' lang='lat' dir='ltr'><strong>snat.</strong></span> <span class='ocrx_word' id='word_1_18' title='bbox 722 1044 882 1121; x_wconf 77' lang='lat' dir='ltr'><strong>Stephanus</strong></span> <span class='ocrx_word' id='word_1_19' title='bbox 898 1044 928 1100; x_wconf 89' lang='lat' dir='ltr'><strong>iu</strong></span> <span class='ocrx_word' id='word_1_20' title='bbox 937 1041 1029 1117; x_wconf 84' lang='grc' dir='ltr'>Βωμυί</span> <span class='ocrx_word' id='word_1_21' title='bbox 1040 1064 1047 1097; x_wconf 90' lang='lat'><strong>:</strong></span> <span class='ocrx_word' id='word_1_22' title='bbox 1059 1040 1089 1099; x_wconf 81' lang='grc' dir='ltr'>τὸ</span> <span class='ocrx_word' id='word_1_23' title='bbox 1101 1036 1206 1099; x_wconf 81' lang='grc' dir='ltr'>τοπικὸν</span> 
     </span>
     <span class='ocr_line' id='line_1_5' title="bbox 453 1128 1208 1211; baseline -0.008 -20"><span class='ocrx_word' id='word_1_24' title='bbox 453 1132 552 1211; x_wconf 60' lang='lat' dir='ltr'><strong>pulpae&lt;</strong></span> <span class='ocrx_word' id='word_1_25' title='bbox 562 1132 606 1190; x_wconf 85' lang='grc' dir='ltr'><strong>καὶ</strong></span> <span class='ocrx_word' id='word_1_26' title='bbox 619 1131 687 1190; x_wconf 70' lang='grc' dir='ltr'>κατά</span> <span class='ocrx_word' id='word_1_27' title='bbox 698 1128 857 1211; x_wconf 79' lang='grc' dir='ltr'>παραγωγὴν</span> <span class='ocrx_word' id='word_1_28' title='bbox 869 1132 1003 1208; x_wconf 81' lang='grc' dir='ltr'>βωμιαῖος.</span> <span class='ocrx_word' id='word_1_29' title='bbox 1014 1129 1151 1209; x_wconf 72' lang='grc' dir='ltr'>Σοφοκλῆς</span> <span class='ocrx_word' id='word_1_30' title='bbox 1160 1130 1208 1185; x_wconf 80' lang='grc' dir='ltr'><strong>Αί-</strong></span> 
     </span>
     <span class='ocr_line' id='line_1_6' title="bbox 452 1217 648 1299; baseline -0.005 -21"><span class='ocrx_word' id='word_1_31' title='bbox 452 1217 612 1299; x_wconf 30' lang='grc' dir='ltr'><strong>Ιχῇιιιιλιίιτισι·</strong></span> <span class='ocrx_word' id='word_1_32' title='bbox 645 1248 648 1252; x_wconf 93' lang='grc'><strong><em>·</em></strong></span> 
     </span>
    </p>
   </div>
   <div class='ocr_carea' id='block_1_3' title="bbox 444 1312 1064 1443">
    <p class='ocr_par' dir='ltr' id='par_1_3' title="bbox 444 1312 1064 1443">
     <span class='ocr_line' id='line_1_7' title="bbox 444 1312 1064 1443; baseline -0.011 -19"><span class='ocrx_word' id='word_1_33' title='bbox 444 1341 534 1435; x_wconf 78' lang='grc'>,[177]</span> <span class='ocrx_word' id='word_1_34' title='bbox 561 1352 622 1419; x_wconf 83' lang='grc' dir='ltr'>Καὶ</span> <span class='ocrx_word' id='word_1_35' title='bbox 641 1356 785 1443; x_wconf 81' lang='grc' dir='ltr'>βωμιαῖον</span> <span class='ocrx_word' id='word_1_36' title='bbox 803 1353 931 1443; x_wconf 73' lang='grc' dir='ltr'>ἐσχάρας</span> <span class='ocrx_word' id='word_1_37' title='bbox 946 1312 1064 1418; x_wconf 63' lang='grc' dir='ltr'>λαθών·</span> 
     </span>
    </p>
   </div>
   <div class='ocr_carea' id='block_1_4' title="bbox 452 1479 1210 1712">
    <p class='ocr_par' dir='ltr' id='par_1_4' title="bbox 452 1479 1210 1712">
     <span class='ocr_line' id='line_1_8' title="bbox 452 1479 1207 1560; baseline 0.003 -25"><span class='ocrx_word' id='word_1_38' title='bbox 452 1479 615 1557; x_wconf 90' lang='lat' dir='ltr'><strong>completur</strong></span> <span class='ocrx_word' id='word_1_39' title='bbox 628 1500 729 1538; x_wconf 82' lang='lat' dir='ltr'><strong>vorsus</strong></span> <span class='ocrx_word' id='word_1_40' title='bbox 744 1479 822 1556; x_wconf 91' lang='lat' dir='ltr'><strong>apud</strong></span> <span class='ocrx_word' id='word_1_41' title='bbox 835 1479 953 1537; x_wconf 88' lang='lat' dir='ltr'><strong>Suidam</strong></span> <span class='ocrx_word' id='word_1_42' title='bbox 964 1500 994 1536; x_wconf 86' lang='grc' dir='ltr'>ν.</span> <span class='ocrx_word' id='word_1_43' title='bbox 1004 1480 1094 1550; x_wconf 84' lang='grc' dir='ltr'>Βαιαί,</span> <span class='ocrx_word' id='word_1_44' title='bbox 1105 1479 1207 1560; x_wconf 81' lang='grc' dir='ltr'>μικραί,</span> 
     </span>
     <span class='ocr_line' id='line_1_9' title="bbox 453 1557 1210 1647; baseline 0.003 -24"><span class='ocrx_word' id='word_1_45' title='bbox 453 1565 496 1623; x_wconf 83' lang='grc' dir='ltr'><strong>καὶ</strong></span> <span class='ocrx_word' id='word_1_46' title='bbox 513 1567 585 1645; x_wconf 79' lang='grc' dir='ltr'>βαιὸς</span> <span class='ocrx_word' id='word_1_47' title='bbox 599 1565 736 1634; x_wconf 63' lang='lat' dir='ltr'><strong>tumeret</strong></span> <span class='ocrx_word' id='word_1_48' title='bbox 747 1572 793 1625; x_wconf 83' lang='grc' dir='ltr'><strong>τοῦ</strong></span> <span class='ocrx_word' id='word_1_49' title='bbox 807 1557 854 1632; x_wconf 82' lang='grc' dir='ltr'>εἷς.</span> <span class='ocrx_word' id='word_1_50' title='bbox 867 1569 1047 1646; x_wconf 79' lang='grc' dir='ltr'>Σοφοκλῆς...</span> <span class='ocrx_word' id='word_1_51' title='bbox 1063 1570 1090 1626; x_wconf 79' lang='grc' dir='ltr'>έν</span> <span class='ocrx_word' id='word_1_52' title='bbox 1102 1570 1210 1647; x_wconf 81' lang='grc' dir='ltr'>Αἰχμα-</span> 
     </span>
     <span class='ocr_line' id='line_1_10' title="bbox 452 1652 575 1712; baseline 0 -1"><span class='ocrx_word' id='word_1_53' title='bbox 452 1652 557 1712; x_wconf 84' lang='grc' dir='ltr'>λώτισιν</span> <span class='ocrx_word' id='word_1_54' title='bbox 567 1678 575 1694; x_wconf 86' lang='grc'>·</span> 
     </span>
    </p>
   </div>
   <div class='ocr_carea' id='block_1_5' title="bbox 453 1774 1181 1883">
    <p class='ocr_par' dir='ltr' id='par_1_5' title="bbox 453 1774 1181 1883">
     <span class='ocr_line' id='line_1_11' title="bbox 453 1774 1181 1883; baseline 0.003 -28"><span class='ocrx_word' id='word_1_55' title='bbox 453 1794 533 1882; x_wconf 67' lang='grc'>[178]</span> <span class='ocrx_word' id='word_1_56' title='bbox 561 1774 697 1857; x_wconf 66' lang='lat' dir='ltr'><strong>doctina</strong></span> <span class='ocrx_word' id='word_1_57' title='bbox 715 1792 802 1873; x_wconf 84' lang='grc' dir='ltr'>βαιάς</span> <span class='ocrx_word' id='word_1_58' title='bbox 818 1790 936 1867; x_wconf 82' lang='grc' dir='ltr'>κύλικος</span> <span class='ocrx_word' id='word_1_59' title='bbox 952 1794 1028 1855; x_wconf 77' lang='grc' dir='ltr'>ὥστε</span> <span class='ocrx_word' id='word_1_60' title='bbox 1045 1782 1181 1883; x_wconf 75' lang='grc' dir='ltr'>δεύτερα.</span> 
     </span>
    </p>
   </div>
   <div class='ocr_carea' id='block_1_6' title="bbox 452 1921 1212 2880">
    <p class='ocr_par' dir='ltr' id='par_1_6' title="bbox 452 1921 1212 2880">
     <span class='ocr_line' id='line_1_12' title="bbox 452 1921 1211 2001; baseline 0.001 -20"><span class='ocrx_word' id='word_1_61' title='bbox 452 1931 594 1983; x_wconf 84' lang='lat' dir='ltr'><strong>Praeterea</strong></span> <span class='ocrx_word' id='word_1_62' title='bbox 607 1924 718 2001; x_wconf 87' lang='lat' dir='ltr'><strong>singula</strong></span> <span class='ocrx_word' id='word_1_63' title='bbox 734 1923 862 2000; x_wconf 69' lang='lat' dir='ltr'><strong>quaedam</strong></span> <span class='ocrx_word' id='word_1_64' title='bbox 879 1921 966 1981; x_wconf 84' lang='lat' dir='ltr'><strong>verba</strong></span> <span class='ocrx_word' id='word_1_65' title='bbox 982 1944 1211 1985; x_wconf 88' lang='lat' dir='ltr'><strong>commemoran-</strong></span> 
     </span>
     <span class='ocr_line' id='line_1_13' title="bbox 455 2010 1210 2092; baseline 0.005 -25"><span class='ocrx_word' id='word_1_66' title='bbox 455 2026 501 2068; x_wconf 90' lang='lat' dir='ltr'><strong>tur</strong></span> <span class='ocrx_word' id='word_1_67' title='bbox 513 2033 549 2071; x_wconf 88' lang='lat' dir='ltr'><strong>ex</strong></span> <span class='ocrx_word' id='word_1_68' title='bbox 561 2012 615 2070; x_wconf 91' lang='lat' dir='ltr'><strong>hac</strong></span> <span class='ocrx_word' id='word_1_69' title='bbox 628 2011 766 2088; x_wconf 81' lang='lat' dir='ltr'>tragoedia</span> <span class='ocrx_word' id='word_1_70' title='bbox 777 2010 854 2090; x_wconf 91' lang='lat' dir='ltr'><strong>apud</strong></span> <span class='ocrx_word' id='word_1_71' title='bbox 865 2011 1059 2070; x_wconf 87' lang='lat' dir='ltr'><strong>Herodianum</strong></span> <span class='ocrx_word' id='word_1_72' title='bbox 1072 2014 1137 2092; x_wconf 87' lang='grc' dir='ltr'>Περὶ</span> <span class='ocrx_word' id='word_1_73' title='bbox 1152 2034 1210 2089; x_wconf 84' lang='grc' dir='ltr'>μον.</span> 
     </span>
     <span class='ocr_line' id='line_1_14' title="bbox 453 2095 1211 2181; baseline 0.001 -25"><span class='ocrx_word' id='word_1_74' title='bbox 453 2097 505 2165; x_wconf 78' lang='grc' dir='ltr'>λέξ.</span> <span class='ocrx_word' id='word_1_75' title='bbox 521 2120 550 2177; x_wconf 89' lang='lat' dir='ltr'><strong>p.</strong></span> <span class='ocrx_word' id='word_1_76' title='bbox 561 2120 592 2174; x_wconf 83' lang='lat'><strong>9,</strong></span> <span class='ocrx_word' id='word_1_77' title='bbox 603 2118 639 2175; x_wconf 87' lang='lat'><strong>9:</strong></span> <span class='ocrx_word' id='word_1_78' title='bbox 652 2095 731 2177; x_wconf 67' lang='grc' dir='ltr'>Παρὰ</span> <span class='ocrx_word' id='word_1_79' title='bbox 746 2098 875 2177; x_wconf 75' lang='grc' dir='ltr'>Σοφοκλεῖ</span> <span class='ocrx_word' id='word_1_80' title='bbox 888 2100 914 2155; x_wconf 79' lang='grc' dir='ltr'>έν</span> <span class='ocrx_word' id='word_1_81' title='bbox 929 2096 1127 2178; x_wconf 30' lang='grc' dir='ltr'>Αἰρήααλάτισιν</span> <span class='ocrx_word' id='word_1_82' title='bbox 1140 2100 1211 2181; x_wconf 85' lang='grc' dir='ltr'>είρη-</span> 
     </span>
     <span class='ocr_line' id='line_1_15' title="bbox 452 2181 1211 2265; baseline 0.005 -22"><span class='ocrx_word' id='word_1_83' title='bbox 452 2208 497 2243; x_wconf 87' lang='grc' dir='ltr'><strong>ται</strong></span> <span class='ocrx_word' id='word_1_84' title='bbox 508 2186 613 2264; x_wconf 79' lang='grc' dir='ltr'>[179]ι</span> <span class='ocrx_word' id='word_1_85' title='bbox 627 2181 778 2263; x_wconf 82' lang='grc' dir='ltr'>Σαρπηδὼν</span> <span class='ocrx_word' id='word_1_86' title='bbox 793 2183 859 2254; x_wconf 78' lang='grc' dir='ltr'>ἀκτή</span> <span class='ocrx_word' id='word_1_87' title='bbox 869 2210 890 2242; x_wconf 71' lang='lat' dir='ltr'><strong>n.</strong></span> <span class='ocrx_word' id='word_1_88' title='bbox 905 2188 1027 2261; x_wconf 84' lang='lat' dir='ltr'><strong>Etymol.</strong></span> <span class='ocrx_word' id='word_1_89' title='bbox 1043 2192 1083 2245; x_wconf 90' lang='lat' dir='ltr'><strong>M.</strong></span> <span class='ocrx_word' id='word_1_90' title='bbox 1098 2207 1127 2265; x_wconf 88' lang='lat' dir='ltr'><strong>p.</strong></span> <span class='ocrx_word' id='word_1_91' title='bbox 1145 2192 1211 2259; x_wconf 71' lang='grc'><strong>344,</strong></span> 
     </span>
     <span class='ocr_line' id='line_1_16' title="bbox 455 2270 1212 2350; baseline 0.008 -21"><span class='ocrx_word' id='word_1_92' title='bbox 455 2282 490 2344; x_wconf 71' lang='grc'><strong>47</strong></span> <span class='ocrx_word' id='word_1_93' title='bbox 505 2270 777 2350; x_wconf 77' lang='grc' dir='ltr'>;[180]«Ἐνιίπαις,</span> <span class='ocrx_word' id='word_1_94' title='bbox 791 2298 802 2323; x_wconf 75' lang='grc' dir='ltr'>ι</span> <span class='ocrx_word' id='word_1_95' title='bbox 825 2279 879 2337; x_wconf 85' lang='grc' dir='ltr'>τοῖς</span> <span class='ocrx_word' id='word_1_96' title='bbox 892 2275 1015 2340; x_wconf 75' lang='grc' dir='ltr'>ἐναντίοις·</span> <span class='ocrx_word' id='word_1_97' title='bbox 1025 2275 1077 2333; x_wconf 82' lang='grc' dir='ltr'><strong>άπὸ</strong></span> <span class='ocrx_word' id='word_1_98' title='bbox 1095 2282 1140 2335; x_wconf 78' lang='grc' dir='ltr'><strong>τοῦ</strong></span> <span class='ocrx_word' id='word_1_99' title='bbox 1155 2286 1212 2343; x_wconf 87' lang='grc' dir='ltr'>ταῖς</span> 
     </span>
     <span class='ocr_line' id='line_1_17' title="bbox 453 2358 1209 2442; baseline 0.008 -24"><span class='ocrx_word' id='word_1_100' title='bbox 453 2364 505 2418; x_wconf 82' lang='grc' dir='ltr'><strong>τῶν</strong></span> <span class='ocrx_word' id='word_1_101' title='bbox 515 2358 590 2418; x_wconf 87' lang='grc' dir='ltr'>ὤτων</span> <span class='ocrx_word' id='word_1_102' title='bbox 600 2362 676 2425; x_wconf 76' lang='grc' dir='ltr'>ὀπαῖς</span> <span class='ocrx_word' id='word_1_103' title='bbox 686 2364 797 2419; x_wconf 80' lang='grc' dir='ltr'>κεῖσθαι.</span> <span class='ocrx_word' id='word_1_104' title='bbox 808 2360 951 2442; x_wconf 75' lang='grc' dir='ltr'>Σοφοκλῆς.</span> <span class='ocrx_word' id='word_1_105' title='bbox 958 2363 1069 2439; x_wconf 68' lang='lat' dir='ltr'><strong>«Volgo</strong></span> <span class='ocrx_word' id='word_1_106' title='bbox 1077 2364 1209 2432; x_wconf 83' lang='grc' dir='ltr'>Ἐνοπαῖς.</span> 
     </span>
     <span class='ocr_line' id='line_1_18' title="bbox 455 2447 1212 2528; baseline 0.003 -19"><span class='ocrx_word' id='word_1_107' title='bbox 455 2452 565 2509; x_wconf 83' lang='lat' dir='ltr'><strong>Nomen</strong></span> <span class='ocrx_word' id='word_1_108' title='bbox 575 2447 679 2505; x_wconf 81' lang='lat' dir='ltr'><strong>labulae</strong></span> <span class='ocrx_word' id='word_1_109' title='bbox 689 2460 718 2505; x_wconf 92' lang='lat' dir='ltr'><strong>et</strong></span> <span class='ocrx_word' id='word_1_110' title='bbox 729 2448 867 2524; x_wconf 80' lang='lat' dir='ltr'><strong>prosodia</strong></span> <span class='ocrx_word' id='word_1_111' title='bbox 881 2448 1013 2507; x_wconf 83' lang='lat' dir='ltr'><strong>vocabuli</strong></span> <span class='ocrx_word' id='word_1_112' title='bbox 1027 2454 1212 2528; x_wconf 77' lang='lat' dir='ltr'><strong>cognoscitur</strong></span> 
     </span>
     <span class='ocr_line' id='line_1_19' title="bbox 454 2536 1210 2613; baseline 0.004 -18"><span class='ocrx_word' id='word_1_113' title='bbox 454 2558 490 2595; x_wconf 83' lang='lat' dir='ltr'><strong>ex</strong></span> <span class='ocrx_word' id='word_1_114' title='bbox 501 2540 566 2595; x_wconf 93' lang='lat' dir='ltr'><strong>loco</strong></span> <span class='ocrx_word' id='word_1_115' title='bbox 582 2549 720 2613; x_wconf 90' lang='lat' dir='ltr'><strong>corrupto</strong></span> <span class='ocrx_word' id='word_1_116' title='bbox 739 2536 876 2612; x_wconf 78' lang='lat' dir='ltr'><strong>Hesychii</strong></span> <span class='ocrx_word' id='word_1_117' title='bbox 899 2537 929 2595; x_wconf 88' lang='lat' dir='ltr'><strong>in</strong></span> <span class='ocrx_word' id='word_1_118' title='bbox 944 2536 1103 2606; x_wconf 74' lang='grc' dir='ltr'>Ἔνοίταις.»</span> <span class='ocrx_word' id='word_1_119' title='bbox 1123 2544 1210 2598; x_wconf 79' lang='lat' dir='ltr'><strong>Diod.</strong></span> 
     </span>
     <span class='ocr_line' id='line_1_20' title="bbox 456 2624 1211 2702; baseline 0.008 -20"><span class='ocrx_word' id='word_1_120' title='bbox 456 2625 626 2701; x_wconf 82' lang='lat' dir='ltr'><strong>Hesychius,</strong></span> <span class='ocrx_word' id='word_1_121' title='bbox 638 2624 663 2699; x_wconf 92' lang='lat' dir='ltr'><strong>[t</strong></span> <span class='ocrx_word' id='word_1_122' title='bbox 670 2624 739 2702; x_wconf 68' lang='lat' dir='ltr'><strong>NJ«</strong></span> <span class='ocrx_word' id='word_1_123' title='bbox 749 2624 865 2694; x_wconf 76' lang='grc' dir='ltr'>άπειθής,</span> <span class='ocrx_word' id='word_1_124' title='bbox 875 2651 887 2675; x_wconf 75' lang='grc' dir='ltr'>ν</span> <span class='ocrx_word' id='word_1_125' title='bbox 896 2625 1082 2695; x_wconf 79' lang='grc' dir='ltr'>άνυπότακτος,</span> <span class='ocrx_word' id='word_1_126' title='bbox 1094 2627 1211 2697; x_wconf 79' lang='grc' dir='ltr'>ἄπιστος.</span> 
     </span>
     <span class='ocr_line' id='line_1_21' title="bbox 455 2711 1209 2793; baseline 0.003 -20"><span class='ocrx_word' id='word_1_127' title='bbox 455 2715 487 2773; x_wconf 86' lang='grc' dir='ltr'><strong>Σ.</strong></span> <span class='ocrx_word' id='word_1_128' title='bbox 497 2718 531 2771; x_wconf 77' lang='grc' dir='ltr'><strong>Α.</strong></span> <span class='ocrx_word' id='word_1_129' title='bbox 544 2711 752 2771; x_wconf 87' lang='lat' dir='ltr'><strong>Choeroboscus</strong></span> <span class='ocrx_word' id='word_1_130' title='bbox 773 2713 803 2769; x_wconf 89' lang='lat' dir='ltr'><strong>in</strong></span> <span class='ocrx_word' id='word_1_131' title='bbox 815 2713 931 2770; x_wconf 80' lang='lat' dir='ltr'><strong>setteri</strong></span> <span class='ocrx_word' id='word_1_132' title='bbox 944 2715 1049 2772; x_wconf 83' lang='lat' dir='ltr'><strong>Anecd.</strong></span> <span class='ocrx_word' id='word_1_133' title='bbox 1065 2737 1095 2793; x_wconf 88' lang='lat' dir='ltr'><strong>p.</strong></span> <span class='ocrx_word' id='word_1_134' title='bbox 1116 2720 1209 2793; x_wconf 80' lang='lat'><strong>1399:</strong></span> 
     </span>
     <span class='ocr_line' id='line_1_22' title="bbox 454 2797 1152 2880; baseline 0.001 -20"><span class='ocrx_word' id='word_1_135' title='bbox 454 2800 587 2872; x_wconf 76' lang='grc' dir='ltr'>Μάνης...</span> <span class='ocrx_word' id='word_1_136' title='bbox 599 2802 631 2861; x_wconf 91' lang='grc' dir='ltr'><strong>Σ.</strong></span> <span class='ocrx_word' id='word_1_137' title='bbox 641 2798 733 2859; x_wconf 84' lang='grc' dir='ltr'>Μάνου</span> <span class='ocrx_word' id='word_1_138' title='bbox 746 2797 846 2858; x_wconf 82' lang='grc' dir='ltr'>ἶκλινεν</span> <span class='ocrx_word' id='word_1_139' title='bbox 862 2800 1062 2880; x_wconf 76' lang='grc' dir='ltr'>Αίχμαλώτισιν</span> <span class='ocrx_word' id='word_1_140' title='bbox 1072 2802 1152 2863; x_wconf 71' lang='lat' dir='ltr'><strong>eladae</strong></span> 
     </span>
    </p>
   </div>
   <div class='ocr_carea' id='block_1_7' title="bbox 454 2923 981 3025">
    <p class='ocr_par' dir='ltr' id='par_1_7' title="bbox 454 2923 981 3025">
     <span class='ocr_line' id='line_1_23' title="bbox 454 2923 981 3025; baseline -0.008 -19"><span class='ocrx_word' id='word_1_141' title='bbox 454 2948 535 3025; x_wconf 79' lang='lat' dir='ltr'><strong>[rsa]</strong></span> <span class='ocrx_word' id='word_1_142' title='bbox 562 2937 665 3004; x_wconf 76' lang='grc' dir='ltr'>Μάνου</span> <span class='ocrx_word' id='word_1_143' title='bbox 682 2939 711 3000; x_wconf 91' lang='grc' dir='ltr'>τ’</span> <span class='ocrx_word' id='word_1_144' title='bbox 728 2923 922 3025; x_wconf 63' lang='grc' dir='ltr'>Ἐπιστρόφου</span> <span class='ocrx_word' id='word_1_145' title='bbox 938 2959 981 3002; x_wconf 89' lang='grc' dir='ltr'><strong>τι.</strong></span> 
     </span>
    </p>
   </div>
   <div class='ocr_carea' id='block_1_8' title="bbox 455 3062 1215 4538">
    <p class='ocr_par' dir='ltr' id='par_1_8' title="bbox 455 3062 1215 4538">
     <span class='ocr_line' id='line_1_24' title="bbox 456 3062 1210 3141; baseline 0.011 -22"><span class='ocrx_word' id='word_1_146' title='bbox 456 3064 499 3120; x_wconf 82' lang='lat' dir='ltr'><strong>ef.</strong></span> <span class='ocrx_word' id='word_1_147' title='bbox 509 3069 596 3121; x_wconf 86' lang='lat' dir='ltr'><strong>llum.</strong></span> <span class='ocrx_word' id='word_1_148' title='bbox 610 3062 692 3120; x_wconf 91' lang='lat' dir='ltr'><strong>Iliad.</strong></span> <span class='ocrx_word' id='word_1_149' title='bbox 705 3068 737 3133; x_wconf 88' lang='lat' dir='ltr'><strong>B,</strong></span> <span class='ocrx_word' id='word_1_150' title='bbox 749 3064 817 3138; x_wconf 77' lang='lat'><strong>692,</strong></span> <span class='ocrx_word' id='word_1_151' title='bbox 830 3076 860 3121; x_wconf 88' lang='lat' dir='ltr'><strong>et</strong></span> <span class='ocrx_word' id='word_1_152' title='bbox 871 3064 1001 3123; x_wconf 85' lang='lat' dir='ltr'><strong>Eustath.</strong></span> <span class='ocrx_word' id='word_1_153' title='bbox 1020 3085 1049 3141; x_wconf 90' lang='lat' dir='ltr'><strong>p.</strong></span> <span class='ocrx_word' id='word_1_154' title='bbox 1068 3087 1150 3140; x_wconf 84' lang='lat'><strong>1017,</strong></span> <span class='ocrx_word' id='word_1_155' title='bbox 1166 3089 1210 3128; x_wconf 84' lang='grc' dir='ltr'><strong>ιο.</strong></span> 
     </span>
     <span class='ocr_line' id='line_1_25' title="bbox 455 3151 1212 3238; baseline 0.011 -29"><span class='ocrx_word' id='word_1_156' title='bbox 455 3151 591 3228; x_wconf 74' lang='lat' dir='ltr'><strong>(Codicis</strong></span> <span class='ocrx_word' id='word_1_157' title='bbox 623 3152 794 3228; x_wconf 87' lang='lat' dir='ltr'><strong>scripturam</strong></span> <span class='ocrx_word' id='word_1_158' title='bbox 823 3153 915 3211; x_wconf 84' lang='grc' dir='ltr'>Μάνου</span> <span class='ocrx_word' id='word_1_159' title='bbox 942 3175 969 3211; x_wconf 82' lang='grc' dir='ltr'><strong>τι</strong></span> <span class='ocrx_word' id='word_1_160' title='bbox 997 3154 1153 3238; x_wconf 68' lang='grc' dir='ltr'>ἐπιστρέφου</span> <span class='ocrx_word' id='word_1_161' title='bbox 1181 3181 1212 3238; x_wconf 82' lang='grc' dir='ltr'><strong>γε</strong></span> 
     </span>
     <span class='ocr_line' id='line_1_26' title="bbox 456 3237 1210 3318; baseline 0.011 -24"><span class='ocrx_word' id='word_1_162' title='bbox 456 3238 581 3297; x_wconf 80' lang='lat' dir='ltr'><strong>correxit</strong></span> <span class='ocrx_word' id='word_1_163' title='bbox 602 3237 712 3294; x_wconf 88' lang='lat' dir='ltr'><strong>Theod.</strong></span> <span class='ocrx_word' id='word_1_164' title='bbox 736 3239 903 3316; x_wconf 70' lang='lat' dir='ltr'><strong>Bergidae)</strong></span> <span class='ocrx_word' id='word_1_165' title='bbox 926 3242 1028 3300; x_wconf 88' lang='lat' dir='ltr'><strong>Cicero</strong></span> <span class='ocrx_word' id='word_1_166' title='bbox 1053 3243 1090 3300; x_wconf 91' lang='lat' dir='ltr'><strong>ad</strong></span> <span class='ocrx_word' id='word_1_167' title='bbox 1116 3249 1210 3318; x_wconf 87' lang='lat' dir='ltr'><strong>Quin-</strong></span> 
     </span>
     <span class='ocr_line' id='line_1_27' title="bbox 457 3325 1212 3404; baseline 0.011 -22"><span class='ocrx_word' id='word_1_168' title='bbox 457 3339 516 3382; x_wconf 92' lang='lat' dir='ltr'><strong>tum</strong></span> <span class='ocrx_word' id='word_1_169' title='bbox 538 3326 654 3382; x_wconf 79' lang='lat' dir='ltr'><strong>fratrom</strong></span> <span class='ocrx_word' id='word_1_170' title='bbox 673 3325 735 3382; x_wconf 67' lang='lat' dir='ltr'><strong>hanc</strong></span> <span class='ocrx_word' id='word_1_171' title='bbox 757 3327 871 3403; x_wconf 78' lang='lat' dir='ltr'><strong>scripsit</strong></span> <span class='ocrx_word' id='word_1_172' title='bbox 892 3331 958 3404; x_wconf 87' lang='lat'>(111,</span> <span class='ocrx_word' id='word_1_173' title='bbox 978 3329 1030 3402; x_wconf 61' lang='lat'><strong>61:</strong></span> <span class='ocrx_word' id='word_1_174' title='bbox 1057 3333 1212 3402; x_wconf 57' lang='lat' dir='ltr'><strong>*Quatuor</strong></span> 
     </span>
     <span class='ocr_line' id='line_1_28' title="bbox 458 3411 1211 3496; baseline 0.013 -26"><span class='ocrx_word' id='word_1_175' title='bbox 458 3412 608 3490; x_wconf 83' lang='lat' dir='ltr'><strong>tragoedias</strong></span> <span class='ocrx_word' id='word_1_176' title='bbox 620 3416 690 3469; x_wconf 82' lang='lat' dir='ltr'><strong>xvt</strong></span> <span class='ocrx_word' id='word_1_177' title='bbox 703 3411 807 3470; x_wconf 88' lang='lat' dir='ltr'><strong>diebus</strong></span> <span class='ocrx_word' id='word_1_178' title='bbox 824 3414 983 3475; x_wconf 82' lang='lat' dir='ltr'><strong>absolvisse</strong></span> <span class='ocrx_word' id='word_1_179' title='bbox 992 3438 1079 3496; x_wconf 90' lang='lat' dir='ltr'><strong>quum</strong></span> <span class='ocrx_word' id='word_1_180' title='bbox 1092 3421 1211 3492; x_wconf 88' lang='lat' dir='ltr'><strong>scribas,</strong></span> 
     </span>
     <span class='ocr_line' id='line_1_29' title="bbox 457 3499 1212 3587; baseline 0.013 -29"><span class='ocrx_word' id='word_1_181' title='bbox 457 3514 488 3558; x_wconf 89' lang='lat' dir='ltr'><strong>tu</strong></span> <span class='ocrx_word' id='word_1_182' title='bbox 500 3499 658 3578; x_wconf 84' lang='lat' dir='ltr'><strong>quidquam</strong></span> <span class='ocrx_word' id='word_1_183' title='bbox 670 3499 706 3556; x_wconf 90' lang='lat' dir='ltr'><strong>ab</strong></span> <span class='ocrx_word' id='word_1_184' title='bbox 718 3500 776 3560; x_wconf 89' lang='lat' dir='ltr'><strong>alio</strong></span> <span class='ocrx_word' id='word_1_185' title='bbox 788 3504 924 3560; x_wconf 89' lang='lat' dir='ltr'><strong>mutueris</strong></span> <span class='ocrx_word' id='word_1_186' title='bbox 935 3506 948 3560; x_wconf 72' lang='grc'>7</span> <span class='ocrx_word' id='word_1_187' title='bbox 963 3519 992 3564; x_wconf 93' lang='lat' dir='ltr'><strong>et</strong></span> <span class='ocrx_word' id='word_1_188' title='bbox 1003 3507 1079 3587; x_wconf 77' lang='grc' dir='ltr'>χρέος</span> <span class='ocrx_word' id='word_1_189' title='bbox 1091 3527 1212 3584; x_wconf 64' lang='grc' dir='ltr'>(μικτος,</span> 
     </span>
     <span class='ocr_line' id='line_1_30' title="bbox 456 3587 1213 3670; baseline 0.012 -26"><span class='ocrx_word' id='word_1_190' title='bbox 456 3609 544 3660; x_wconf 82' lang='lat' dir='ltr'><strong>quum</strong></span> <span class='ocrx_word' id='word_1_191' title='bbox 553 3587 694 3646; x_wconf 87' lang='lat' dir='ltr'><strong>Electram</strong></span> <span class='ocrx_word' id='word_1_192' title='bbox 705 3590 879 3647; x_wconf 85' lang='lat' dir='ltr'><strong>etTroadem</strong></span> <span class='ocrx_word' id='word_1_193' title='bbox 888 3593 1063 3670; x_wconf 75' lang='lat' dir='ltr'><strong>scripseris.»</strong></span> <span class='ocrx_word' id='word_1_194' title='bbox 1073 3596 1143 3653; x_wconf 92' lang='lat' dir='ltr'><strong>Cod.</strong></span> <span class='ocrx_word' id='word_1_195' title='bbox 1153 3601 1180 3652; x_wconf 85' lang='lat' dir='ltr'><strong>M</strong></span> <span class='ocrx_word' id='word_1_196' title='bbox 1184 3619 1213 3653; x_wconf 85' lang='lat' dir='ltr'><strong>e-</strong></span> 
     </span>
     <span class='ocr_line' id='line_1_31' title="bbox 455 3677 1212 3753; baseline 0.011 -20"><span class='ocrx_word' id='word_1_197' title='bbox 455 3677 512 3734; x_wconf 86' lang='lat' dir='ltr'><strong>dic.</strong></span> <span class='ocrx_word' id='word_1_198' title='bbox 524 3679 631 3734; x_wconf 82' lang='lat' dir='ltr'><strong>tmdom</strong></span> <span class='ocrx_word' id='word_1_199' title='bbox 641 3695 696 3753; x_wconf 92' lang='lat' dir='ltr'><strong>pro</strong></span> <span class='ocrx_word' id='word_1_200' title='bbox 708 3677 859 3735; x_wconf 90' lang='lat' dir='ltr'><strong>Troadem.</strong></span> <span class='ocrx_word' id='word_1_201' title='bbox 872 3679 1061 3740; x_wconf 83' lang='lat' dir='ltr'><strong>scribendum</strong></span> <span class='ocrx_word' id='word_1_202' title='bbox 1080 3703 1183 3741; x_wconf 89' lang='lat' dir='ltr'><strong>censeo</strong></span> <span class='ocrx_word' id='word_1_203' title='bbox 1206 3707 1212 3741; x_wconf 94' lang='lat'>:</span> 
     </span>
     <span class='ocr_line' id='line_1_32' title="bbox 456 3765 1213 3849; baseline 0.011 -25"><span class='ocrx_word' id='word_1_204' title='bbox 456 3765 590 3824; x_wconf 86' lang='lat' dir='ltr'><strong>Troadas.</strong></span> <span class='ocrx_word' id='word_1_205' title='bbox 605 3769 707 3842; x_wconf 85' lang='lat' dir='ltr'><strong>Neque</strong></span> <span class='ocrx_word' id='word_1_206' title='bbox 724 3786 839 3824; x_wconf 78' lang='lat' dir='ltr'><strong>necesse</strong></span> <span class='ocrx_word' id='word_1_207' title='bbox 855 3782 899 3826; x_wconf 86' lang='lat' dir='ltr'><strong>est</strong></span> <span class='ocrx_word' id='word_1_208' title='bbox 919 3771 1065 3849; x_wconf 85' lang='lat' dir='ltr'><strong>Euripidis</strong></span> <span class='ocrx_word' id='word_1_209' title='bbox 1083 3774 1213 3832; x_wconf 88' lang='lat' dir='ltr'><strong>Troades</strong></span> 
     </span>
     <span class='ocr_line' id='line_1_33' title="bbox 457 3855 1212 3936; baseline 0.012 -26"><span class='ocrx_word' id='word_1_210' title='bbox 457 3855 574 3930; x_wconf 80' lang='lat' dir='ltr'><strong>intelligi</strong></span> <span class='ocrx_word' id='word_1_211' title='bbox 586 3901 594 3927; x_wconf 88' lang='lat'>‚</span> <span class='ocrx_word' id='word_1_212' title='bbox 604 3873 693 3930; x_wconf 83' lang='lat' dir='ltr'><strong>qutun</strong></span> <span class='ocrx_word' id='word_1_213' title='bbox 713 3859 748 3926; x_wconf 86' lang='lat' dir='ltr'><strong>Q.</strong></span> <span class='ocrx_word' id='word_1_214' title='bbox 762 3855 863 3912; x_wconf 87' lang='lat' dir='ltr'><strong>Cicero</strong></span> <span class='ocrx_word' id='word_1_215' title='bbox 878 3857 964 3915; x_wconf 88' lang='lat' dir='ltr'><strong>etiarn</strong></span> <span class='ocrx_word' id='word_1_216' title='bbox 980 3859 1131 3936; x_wconf 87' lang='lat' dir='ltr'><strong>Sophoclis</strong></span> <span class='ocrx_word' id='word_1_217' title='bbox 1153 3873 1212 3919; x_wconf 85' lang='lat' dir='ltr'><strong>tra-</strong></span> 
     </span>
     <span class='ocr_line' id='line_1_34' title="bbox 456 3942 1213 4026; baseline 0.011 -27"><span class='ocrx_word' id='word_1_218' title='bbox 456 3942 564 4020; x_wconf 87' lang='lat' dir='ltr'><strong>goedias</strong></span> <span class='ocrx_word' id='word_1_219' title='bbox 573 3942 872 4002; x_wconf 81' lang='lat' dir='ltr'><strong>latineverterit.8unt</strong></span> <span class='ocrx_word' id='word_1_220' title='bbox 883 3959 1018 4022; x_wconf 73' lang='lat' dir='ltr'><strong>praeterea</strong></span> <span class='ocrx_word' id='word_1_221' title='bbox 1027 3949 1076 4025; x_wconf 91' lang='lat' dir='ltr'><strong>qui</strong></span> <span class='ocrx_word' id='word_1_222' title='bbox 1086 3950 1213 4026; x_wconf 84' lang='lat' dir='ltr'><strong>Chrysen</strong></span> 
     </span>
     <span class='ocr_line' id='line_1_35' title="bbox 456 4031 1214 4106; baseline 0.008 -19"><span class='ocrx_word' id='word_1_223' title='bbox 456 4031 512 4087; x_wconf 92' lang='lat' dir='ltr'><strong>huc</strong></span> <span class='ocrx_word' id='word_1_224' title='bbox 526 4031 666 4098; x_wconf 75' lang='lat' dir='ltr'><strong>celerant,</strong></span> <span class='ocrx_word' id='word_1_225' title='bbox 682 4051 746 4106; x_wconf 76' lang='lat' dir='ltr'><strong>(yae</strong></span> <span class='ocrx_word' id='word_1_226' title='bbox 766 4043 860 4089; x_wconf 89' lang='lat' dir='ltr'><strong>tamen</strong></span> <span class='ocrx_word' id='word_1_227' title='bbox 877 4032 986 4106; x_wconf 80' lang='lat' dir='ltr'><strong>fabula,</strong></span> <span class='ocrx_word' id='word_1_228' title='bbox 1006 4038 1029 4092; x_wconf 88' lang='lat' dir='ltr'><strong>si</strong></span> <span class='ocrx_word' id='word_1_229' title='bbox 1051 4039 1214 4095; x_wconf 83' lang='lat' dir='ltr'><strong>Pacuviano</strong></span> 
     </span>
     <span class='ocr_line' id='line_1_36' title="bbox 456 4118 1212 4199; baseline 0.015 -24"><span class='ocrx_word' id='word_1_230' title='bbox 456 4120 572 4195; x_wconf 76' lang='lat' dir='ltr'><strong>Chrysae</strong></span> <span class='ocrx_word' id='word_1_231' title='bbox 587 4118 659 4176; x_wconf 86' lang='lat' dir='ltr'><strong>fides</strong></span> <span class='ocrx_word' id='word_1_232' title='bbox 672 4133 733 4192; x_wconf 89' lang='lat' dir='ltr'><strong>est,</strong></span> <span class='ocrx_word' id='word_1_233' title='bbox 754 4121 832 4179; x_wconf 87' lang='lat' dir='ltr'><strong>aliud</strong></span> <span class='ocrx_word' id='word_1_234' title='bbox 854 4138 1054 4199; x_wconf 75' lang='lat' dir='ltr'><strong>argumentum</strong></span> <span class='ocrx_word' id='word_1_235' title='bbox 1071 4129 1212 4186; x_wconf 90' lang='lat' dir='ltr'><strong>tractavit.</strong></span> 
     </span>
     <span class='ocr_line' id='line_1_37' title="bbox 458 4205 1214 4289; baseline 0.013 -26"><span class='ocrx_word' id='word_1_236' title='bbox 458 4205 620 4264; x_wconf 83' lang='lat' dir='ltr'><strong>Dolendum</strong></span> <span class='ocrx_word' id='word_1_237' title='bbox 642 4219 685 4263; x_wconf 86' lang='lat' dir='ltr'><strong>cst</strong></span> <span class='ocrx_word' id='word_1_238' title='bbox 705 4208 784 4283; x_wconf 88' lang='lat' dir='ltr'><strong>quod</strong></span> <span class='ocrx_word' id='word_1_239' title='bbox 802 4209 880 4266; x_wconf 92' lang='lat' dir='ltr'><strong>nulla</strong></span> <span class='ocrx_word' id='word_1_240' title='bbox 898 4213 1043 4289; x_wconf 83' lang='lat' dir='ltr'><strong>tragoediae</strong></span> <span class='ocrx_word' id='word_1_241' title='bbox 1061 4213 1214 4273; x_wconf 83' lang='lat' dir='ltr'><strong>didascalia</strong></span> 
     </span>
     <span class='ocr_line' id='line_1_38' title="bbox 457 4294 1214 4378; baseline 0.015 -28"><span class='ocrx_word' id='word_1_242' title='bbox 457 4307 568 4351; x_wconf 85' lang='lat' dir='ltr'><strong>servata</strong></span> <span class='ocrx_word' id='word_1_243' title='bbox 578 4307 630 4352; x_wconf 86' lang='lat' dir='ltr'><strong>est.</strong></span> <span class='ocrx_word' id='word_1_244' title='bbox 640 4294 785 4353; x_wconf 80' lang='lat' dir='ltr'><strong>Credibile</strong></span> <span class='ocrx_word' id='word_1_245' title='bbox 794 4309 837 4354; x_wconf 90' lang='lat' dir='ltr'><strong>est</strong></span> <span class='ocrx_word' id='word_1_246' title='bbox 851 4311 944 4357; x_wconf 89' lang='lat' dir='ltr'><strong>tamen</strong></span> <span class='ocrx_word' id='word_1_247' title='bbox 954 4301 1089 4378; x_wconf 86' lang='lat' dir='ltr'><strong>scriptam</strong></span> <span class='ocrx_word' id='word_1_248' title='bbox 1105 4321 1167 4360; x_wconf 89' lang='lat' dir='ltr'><strong>esse</strong></span> <span class='ocrx_word' id='word_1_249' title='bbox 1177 4305 1214 4361; x_wconf 92' lang='lat' dir='ltr'><strong>il-</strong></span> 
     </span>
     <span class='ocr_line' id='line_1_39' title="bbox 456 4380 1215 4462; baseline 0.014 -25"><span class='ocrx_word' id='word_1_250' title='bbox 456 4380 513 4438; x_wconf 90' lang='lat' dir='ltr'><strong>lam</strong></span> <span class='ocrx_word' id='word_1_251' title='bbox 524 4381 572 4438; x_wconf 92' lang='lat' dir='ltr'><strong>illo</strong></span> <span class='ocrx_word' id='word_1_252' title='bbox 581 4395 711 4458; x_wconf 90' lang='lat' dir='ltr'><strong>tempore</strong></span> <span class='ocrx_word' id='word_1_253' title='bbox 721 4402 779 4462; x_wconf 86' lang='lat' dir='ltr'><strong>quo</strong></span> <span class='ocrx_word' id='word_1_254' title='bbox 789 4383 899 4444; x_wconf 76' lang='lat' dir='ltr'><strong>Lesbos</strong></span> <span class='ocrx_word' id='word_1_255' title='bbox 907 4388 998 4446; x_wconf 91' lang='lat' dir='ltr'><strong>insula</strong></span> <span class='ocrx_word' id='word_1_256' title='bbox 1006 4389 1108 4448; x_wconf 86' lang='lat' dir='ltr'><strong>incolis</strong></span> <span class='ocrx_word' id='word_1_257' title='bbox 1118 4392 1147 4448; x_wconf 91' lang='lat' dir='ltr'><strong>in</strong></span> <span class='ocrx_word' id='word_1_258' title='bbox 1157 4411 1215 4450; x_wconf 87' lang='lat' dir='ltr'><strong>ser-</strong></span> 
     </span>
     <span class='ocr_line' id='line_1_40' title="bbox 456 4470 1193 4538; baseline 0.018 -13"><span class='ocrx_word' id='word_1_259' title='bbox 456 4471 578 4527; x_wconf 85' lang='lat' dir='ltr'><strong>vitutem</strong></span> <span class='ocrx_word' id='word_1_260' title='bbox 591 4470 713 4530; x_wconf 83' lang='lat' dir='ltr'><strong>redactis</strong></span> <span class='ocrx_word' id='word_1_261' title='bbox 722 4471 832 4529; x_wconf 90' lang='lat' dir='ltr'><strong>colonis</strong></span> <span class='ocrx_word' id='word_1_262' title='bbox 846 4475 945 4532; x_wconf 78' lang='lat' dir='ltr'><strong>atticis</strong></span> <span class='ocrx_word' id='word_1_263' title='bbox 959 4475 1193 4538; x_wconf 86' lang='lat' dir='ltr'><strong>distribuebatur.</strong></span> 
     </span>
    </p>
   </div>
   <div class='ocr_carea' id='block_1_9' title="bbox 782 4637 888 4654">
    <p class='ocr_par' dir='ltr' id='par_1_9' title="bbox 782 4637 888 4654">
     <span class='ocr_line' id='line_1_41' title="bbox 782 4637 888 4654; baseline 0.019 -2"><span class='ocrx_word' id='word_1_264' title='bbox 782 4637 865 4654; x_wconf 59' lang='grc' dir='ltr'><strong>-ο-</strong></span> <span class='ocrx_word' id='word_1_265' title='bbox 881 4641 888 4648; x_wconf 83' lang='grc'>·</span> 
     </span>
    </p>
   </div>
   <div class='ocr_carea' id='block_1_10' title="bbox 727 4757 941 4820">
    <p class='ocr_par' dir='ltr' id='par_1_10' title="bbox 727 4757 941 4820">
     <span class='ocr_line' id='line_1_42' title="bbox 727 4757 941 4820; baseline 0.019 -4"><span class='ocrx_word' id='word_1_266' title='bbox 727 4757 941 4820; x_wconf 78' lang='lat' dir='ltr'><strong>eothEua</strong></span> 
     </span>
    </p>
   </div>
   <div class='ocr_carea' id='block_1_11' title="bbox 395 4887 1215 5321">
    <p class='ocr_par' dir='ltr' id='par_1_11' title="bbox 395 4887 1215 5321">
     <span class='ocr_line' id='line_1_43' title="bbox 395 4887 1214 4969; baseline 0.012 -25"><span class='ocrx_word' id='word_1_267' title='bbox 395 4929 405 4952; x_wconf 67' lang='grc'>.</span> <span class='ocrx_word' id='word_1_268' title='bbox 483 4887 686 4966; x_wconf 81' lang='lat' dir='ltr'><strong>HygioosFab.</strong></span> <span class='ocrx_word' id='word_1_269' title='bbox 698 4908 706 4944; x_wconf 89' lang='grc' dir='ltr'>ι</span> <span class='ocrx_word' id='word_1_270' title='bbox 716 4909 780 4946; x_wconf 69' lang='lat' dir='ltr'><strong>roa«</strong></span> <span class='ocrx_word' id='word_1_271' title='bbox 789 4892 1008 4950; x_wconf 82' lang='lat' dir='ltr'><strong>Danaivictores</strong></span> <span class='ocrx_word' id='word_1_272' title='bbox 1016 4914 1104 4969; x_wconf 88' lang='lat' dir='ltr'><strong>quum</strong></span> <span class='ocrx_word' id='word_1_273' title='bbox 1115 4894 1152 4952; x_wconf 90' lang='lat' dir='ltr'><strong>ab</strong></span> <span class='ocrx_word' id='word_1_274' title='bbox 1161 4897 1214 4954; x_wconf 88' lang='lat' dir='ltr'><strong>llio</strong></span> 
     </span>
     <span class='ocr_line' id='line_1_44' title="bbox 457 4977 1215 5058; baseline 0.016 -27"><span class='ocrx_word' id='word_1_275' title='bbox 457 4977 574 5034; x_wconf 85' lang='lat' dir='ltr'><strong>classem</strong></span> <span class='ocrx_word' id='word_1_276' title='bbox 585 4977 845 5036; x_wconf 87' lang='lat' dir='ltr'><strong>conscenderentet</strong></span> <span class='ocrx_word' id='word_1_277' title='bbox 854 4979 959 5038; x_wconf 89' lang='lat' dir='ltr'><strong>vellent</strong></span> <span class='ocrx_word' id='word_1_278' title='bbox 966 4982 994 5038; x_wconf 91' lang='lat' dir='ltr'><strong>in</strong></span> <span class='ocrx_word' id='word_1_279' title='bbox 1004 4983 1124 5058; x_wconf 88' lang='lat' dir='ltr'><strong>patriam</strong></span> <span class='ocrx_word' id='word_1_280' title='bbox 1134 5004 1215 5043; x_wconf 88' lang='lat' dir='ltr'><strong>suam</strong></span> 
     </span>
     <span class='ocr_line' id='line_1_45' title="bbox 457 5064 1214 5145; baseline 0.013 -26"><span class='ocrx_word' id='word_1_281' title='bbox 457 5064 579 5140; x_wconf 88' lang='lat' dir='ltr'><strong>quisque</strong></span> <span class='ocrx_word' id='word_1_282' title='bbox 593 5065 699 5123; x_wconf 87' lang='lat' dir='ltr'><strong>reverti</strong></span> <span class='ocrx_word' id='word_1_283' title='bbox 711 5079 739 5122; x_wconf 89' lang='lat' dir='ltr'><strong>et</strong></span> <span class='ocrx_word' id='word_1_284' title='bbox 751 5067 875 5142; x_wconf 75' lang='lat' dir='ltr'><strong>predam</strong></span> <span class='ocrx_word' id='word_1_285' title='bbox 886 5069 1008 5145; x_wconf 88' lang='lat' dir='ltr'><strong>quisque</strong></span> <span class='ocrx_word' id='word_1_286' title='bbox 1020 5069 1075 5127; x_wconf 93' lang='lat' dir='ltr'><strong>sibi</strong></span> <span class='ocrx_word' id='word_1_287' title='bbox 1088 5070 1214 5144; x_wconf 83' lang='lat' dir='ltr'><strong>duceret,</strong></span> 
     </span>
     <span class='ocr_line' id='line_1_46' title="bbox 457 5154 1214 5235; baseline 0.016 -30"><span class='ocrx_word' id='word_1_288' title='bbox 457 5171 492 5206; x_wconf 80' lang='lat' dir='ltr'><strong>ex</strong></span> <span class='ocrx_word' id='word_1_289' title='bbox 506 5154 659 5229; x_wconf 86' lang='lat' dir='ltr'><strong>sepulchro</strong></span> <span class='ocrx_word' id='word_1_290' title='bbox 672 5173 729 5211; x_wconf 90' lang='grc' dir='ltr'><strong>νοκ</strong></span> <span class='ocrx_word' id='word_1_291' title='bbox 743 5155 862 5213; x_wconf 81' lang='lat' dir='ltr'><strong>Achillis</strong></span> <span class='ocrx_word' id='word_1_292' title='bbox 872 5155 977 5215; x_wconf 91' lang='lat' dir='ltr'><strong>dicitur</strong></span> <span class='ocrx_word' id='word_1_293' title='bbox 989 5160 1092 5234; x_wconf 71' lang='lat' dir='ltr'><strong>praedae</strong></span> <span class='ocrx_word' id='word_1_294' title='bbox 1105 5173 1214 5235; x_wconf 89' lang='lat' dir='ltr'><strong>partem</strong></span> 
     </span>
     <span class='ocr_line' id='line_1_47' title="bbox 458 5241 1214 5321; baseline 0.016 -27"><span class='ocrx_word' id='word_1_295' title='bbox 458 5241 663 5316; x_wconf 79' lang='lat' dir='ltr'><strong>expostulasse.</strong></span> <span class='ocrx_word' id='word_1_296' title='bbox 684 5247 783 5320; x_wconf 84' lang='lat' dir='ltr'><strong>ltaque</strong></span> <span class='ocrx_word' id='word_1_297' title='bbox 803 5247 895 5302; x_wconf 85' lang='lat' dir='ltr'><strong>Danai</strong></span> <span class='ocrx_word' id='word_1_298' title='bbox 917 5246 1089 5321; x_wconf 81' lang='lat' dir='ltr'><strong>Polyxenam</strong></span> <span class='ocrx_word' id='word_1_299' title='bbox 1109 5249 1214 5306; x_wconf 84' lang='lat' dir='ltr'><strong>Priami</strong></span> 
     </span>
    </p>
   </div>
   <div class='ocr_carea' id='block_1_12' title="bbox 994 730 1472 795">
    <p class='ocr_par' dir='ltr' id='par_1_12' title="bbox 994 730 1472 795">
     <span class='ocr_line' id='line_1_48' title="bbox 994 730 1472 795; baseline 0.002 -3"><span class='ocrx_word' id='word_1_300' title='bbox 994 730 1203 793; x_wconf 80' lang='lat' dir='ltr'><strong>soenoctts</strong></span> <span class='ocrx_word' id='word_1_301' title='bbox 1224 730 1472 795; x_wconf 74' lang='lat' dir='ltr'><strong>FRAGMENTA.</strong></span> 
     </span>
    </p>
   </div>
   <div class='ocr_carea' id='block_1_13' title="bbox 1259 860 2073 5328">
    <p class='ocr_par' dir='ltr' id='par_1_13' title="bbox 1259 860 2073 5328">
     <span class='ocr_line' id='line_1_49' title="bbox 1260 860 1995 940; baseline 0.005 -23"><span class='ocrx_word' id='word_1_302' title='bbox 1260 860 1367 929; x_wconf 81' lang='lat' dir='ltr'><strong>liliam,</strong></span> <span class='ocrx_word' id='word_1_303' title='bbox 1390 882 1453 937; x_wconf 77' lang='lat' dir='ltr'><strong>quas</strong></span> <span class='ocrx_word' id='word_1_304' title='bbox 1473 862 1555 937; x_wconf 87' lang='lat' dir='ltr'><strong>virgo</strong></span> <span class='ocrx_word' id='word_1_305' title='bbox 1575 862 1629 919; x_wconf 83' lang='lat' dir='ltr'><strong>tait</strong></span> <span class='ocrx_word' id='word_1_306' title='bbox 1652 860 1869 933; x_wconf 68' lang='lat' dir='ltr'><strong>tortuosissima,</strong></span> <span class='ocrx_word' id='word_1_307' title='bbox 1893 880 1995 940; x_wconf 74' lang='lat' dir='ltr'><strong>propter</strong></span> 
     </span>
     <span class='ocr_line' id='line_1_50' title="bbox 1259 952 1994 1029; baseline 0.003 -22"><span class='ocrx_word' id='word_1_308' title='bbox 1259 952 1994 1029; x_wconf 78' lang='lat' dir='ltr'><strong>quamAchilles‚quurneampeteretotadcolloquium</strong></span> 
     </span>
     <span class='ocr_line' id='line_1_51' title="bbox 1260 1040 1997 1119; baseline 0.004 -23"><span class='ocrx_word' id='word_1_309' title='bbox 1260 1041 1381 1099; x_wconf 86' lang='lat' dir='ltr'><strong>venisset</strong></span> <span class='ocrx_word' id='word_1_310' title='bbox 1393 1086 1400 1109; x_wconf 87' lang='lat'>,</span> <span class='ocrx_word' id='word_1_311' title='bbox 1412 1040 1448 1099; x_wconf 86' lang='lat' dir='ltr'><strong>ab</strong></span> <span class='ocrx_word' id='word_1_312' title='bbox 1460 1040 1622 1099; x_wconf 80' lang='lat' dir='ltr'><strong>Alexandro</strong></span> <span class='ocrx_word' id='word_1_313' title='bbox 1633 1054 1661 1099; x_wconf 91' lang='lat' dir='ltr'><strong>et</strong></span> <span class='ocrx_word' id='word_1_314' title='bbox 1671 1040 1827 1119; x_wconf 90' lang='lat' dir='ltr'><strong>Deiphobo</strong></span> <span class='ocrx_word' id='word_1_315' title='bbox 1839 1056 1880 1099; x_wconf 84' lang='lat' dir='ltr'><strong>cst</strong></span> <span class='ocrx_word' id='word_1_316' title='bbox 1894 1044 1997 1115; x_wconf 84' lang='lat' dir='ltr'><strong>occisus,</strong></span> 
     </span>
     <span class='ocr_line' id='line_1_52' title="bbox 1260 1127 1997 1205; baseline 0.003 -22"><span class='ocrx_word' id='word_1_317' title='bbox 1260 1127 1295 1184; x_wconf 91' lang='lat' dir='ltr'><strong>ad</strong></span> <span class='ocrx_word' id='word_1_318' title='bbox 1311 1127 1495 1205; x_wconf 77' lang='lat' dir='ltr'><strong>sepulchrum</strong></span> <span class='ocrx_word' id='word_1_319' title='bbox 1514 1128 1668 1205; x_wconf 70' lang='lat' dir='ltr'><strong>ejusleam]</strong></span> <span class='ocrx_word' id='word_1_320' title='bbox 1679 1130 1925 1185; x_wconf 78' lang='lat' dir='ltr'><strong>immolaverunt·</strong></span> <span class='ocrx_word' id='word_1_321' title='bbox 1943 1134 1997 1185; x_wconf 78' lang='lat' dir='ltr'><strong>Pro</strong></span> 
     </span>
     <span class='ocr_line' id='line_1_53' title="bbox 1259 1212 1998 1291; baseline 0.004 -21"><span class='ocrx_word' id='word_1_322' title='bbox 1259 1215 1319 1271; x_wconf 89' lang='lat' dir='ltr'><strong>clus</strong></span> <span class='ocrx_word' id='word_1_323' title='bbox 1327 1235 1362 1271; x_wconf 83' lang='lat' dir='ltr'><strong>ex</strong></span> <span class='ocrx_word' id='word_1_324' title='bbox 1369 1215 1483 1272; x_wconf 85' lang='lat' dir='ltr'><strong>Nostis:</strong></span> <span class='ocrx_word' id='word_1_325' title='bbox 1495 1214 1589 1285; x_wconf 75' lang='grc' dir='ltr'>Ἀθηνᾶ</span> <span class='ocrx_word' id='word_1_326' title='bbox 1595 1212 1776 1291; x_wconf 76' lang='grc' dir='ltr'>Ἀγαμέμνονα</span> <span class='ocrx_word' id='word_1_327' title='bbox 1785 1214 1831 1271; x_wconf 85' lang='grc' dir='ltr'><strong>καὶ</strong></span> <span class='ocrx_word' id='word_1_328' title='bbox 1839 1214 1963 1273; x_wconf 73' lang='grc' dir='ltr'>Μενέλαον</span> <span class='ocrx_word' id='word_1_329' title='bbox 1971 1218 1998 1279; x_wconf 75' lang='grc' dir='ltr'><strong>εἰς</strong></span> 
     </span>
     <span class='ocr_line' id='line_1_54' title="bbox 1260 1296 1997 1382; baseline 0 -23"><span class='ocrx_word' id='word_1_330' title='bbox 1260 1302 1313 1382; x_wconf 84' lang='grc' dir='ltr'>έριν</span> <span class='ocrx_word' id='word_1_331' title='bbox 1325 1302 1463 1373; x_wconf 76' lang='grc' dir='ltr'>καθίστησι</span> <span class='ocrx_word' id='word_1_332' title='bbox 1475 1304 1535 1381; x_wconf 75' lang='grc' dir='ltr'>περὶ</span> <span class='ocrx_word' id='word_1_333' title='bbox 1550 1308 1594 1363; x_wconf 81' lang='grc' dir='ltr'><strong>τοῦ</strong></span> <span class='ocrx_word' id='word_1_334' title='bbox 1606 1302 1714 1363; x_wconf 80' lang='grc' dir='ltr'>ἔκπλου.</span> <span class='ocrx_word' id='word_1_335' title='bbox 1728 1302 1899 1379; x_wconf 74' lang='grc' dir='ltr'>Ἀγαμέμνων</span> <span class='ocrx_word' id='word_1_336' title='bbox 1911 1302 1953 1379; x_wconf 78' lang='grc' dir='ltr'>μὲν</span> <span class='ocrx_word' id='word_1_337' title='bbox 1963 1296 1997 1361; x_wconf 73' lang='grc' dir='ltr'>αλ</span> 
     </span>
     <span class='ocr_line' id='line_1_55' title="bbox 1260 1388 1998 1469; baseline 0.004 -21"><span class='ocrx_word' id='word_1_338' title='bbox 1260 1390 1304 1448; x_wconf 73' lang='grc' dir='ltr'><strong>τὀν</strong></span> <span class='ocrx_word' id='word_1_339' title='bbox 1321 1396 1368 1459; x_wconf 72' lang='grc' dir='ltr'>τῆς</span> <span class='ocrx_word' id='word_1_340' title='bbox 1380 1390 1486 1462; x_wconf 74' lang='grc' dir='ltr'>Ἀθηνᾶς</span> <span class='ocrx_word' id='word_1_341' title='bbox 1496 1390 1677 1467; x_wconf 77' lang='grc' dir='ltr'>ἐξιλασάμενος</span> <span class='ocrx_word' id='word_1_342' title='bbox 1688 1388 1767 1469; x_wconf 76' lang='grc' dir='ltr'>χόλον</span> <span class='ocrx_word' id='word_1_343' title='bbox 1778 1388 1906 1467; x_wconf 74' lang='grc' dir='ltr'>ίαιριίντι.</span> <span class='ocrx_word' id='word_1_344' title='bbox 1916 1390 1998 1465; x_wconf 66' lang='grc' dir='ltr'>Δωρί·</span> 
     </span>
     <span class='ocr_line' id='line_1_56' title="bbox 1261 1470 1999 1561; baseline 0 -25"><span class='ocrx_word' id='word_1_345' title='bbox 1261 1480 1307 1550; x_wconf 80' lang='grc' dir='ltr'><strong>δης</strong></span> <span class='ocrx_word' id='word_1_346' title='bbox 1317 1478 1344 1537; x_wconf 74' lang='grc' dir='ltr'><strong>δὲ</strong></span> <span class='ocrx_word' id='word_1_347' title='bbox 1355 1478 1400 1538; x_wconf 80' lang='grc' dir='ltr'><strong>καὶ</strong></span> <span class='ocrx_word' id='word_1_348' title='bbox 1419 1478 1527 1561; x_wconf 79' lang='grc' dir='ltr'>Νέστωρ</span> <span class='ocrx_word' id='word_1_349' title='bbox 1539 1470 1694 1558; x_wconf 75' lang='grc' dir='ltr'>ἀναχθέντες</span> <span class='ocrx_word' id='word_1_350' title='bbox 1706 1480 1740 1543; x_wconf 81' lang='grc' dir='ltr'><strong>είς</strong></span> <span class='ocrx_word' id='word_1_351' title='bbox 1749 1476 1798 1549; x_wconf 80' lang='grc' dir='ltr'><strong>τὴν</strong></span> <span class='ocrx_word' id='word_1_352' title='bbox 1809 1477 1904 1536; x_wconf 75' lang='grc' dir='ltr'>οἰκείαν</span> <span class='ocrx_word' id='word_1_353' title='bbox 1920 1478 1999 1536; x_wconf 71' lang='grc' dir='ltr'>διασκί-</span> 
     </span>
     <span class='ocr_line' id='line_1_57' title="bbox 1261 1564 1999 1644; baseline -0.003 -21"><span class='ocrx_word' id='word_1_354' title='bbox 1261 1568 1362 1635; x_wconf 83' lang='grc' dir='ltr'>ζονται,</span> <span class='ocrx_word' id='word_1_355' title='bbox 1385 1566 1441 1644; x_wconf 74' lang='lat' dir='ltr'><strong>prl’</strong></span> <span class='ocrx_word' id='word_1_356' title='bbox 1463 1564 1506 1633; x_wconf 76' lang='grc' dir='ltr'><strong>οὓς</strong></span> <span class='ocrx_word' id='word_1_357' title='bbox 1526 1565 1668 1630; x_wconf 73' lang='grc' dir='ltr'>ἐκπλεύσας</span> <span class='ocrx_word' id='word_1_358' title='bbox 1692 1568 1707 1623; x_wconf 84' lang='lat' dir='ltr'><strong>d</strong></span> <span class='ocrx_word' id='word_1_359' title='bbox 1732 1564 1866 1628; x_wconf 79' lang='grc' dir='ltr'>Μενέλαοι</span> <span class='ocrx_word' id='word_1_360' title='bbox 1916 1564 1999 1621; x_wconf 70' lang='grc' dir='ltr'>τῶνδὲ</span> 
     </span>
     <span class='ocr_line' id='line_1_58' title="bbox 1261 1652 1999 1733; baseline -0.003 -22"><span class='ocrx_word' id='word_1_361' title='bbox 1261 1654 1321 1733; x_wconf 85' lang='grc' dir='ltr'>περὶ</span> <span class='ocrx_word' id='word_1_362' title='bbox 1333 1653 1376 1713; x_wconf 80' lang='grc' dir='ltr'><strong>τὸν</strong></span> <span class='ocrx_word' id='word_1_363' title='bbox 1395 1654 1577 1732; x_wconf 79' lang='grc' dir='ltr'>Ἀγαμέμνονα</span> <span class='ocrx_word' id='word_1_364' title='bbox 1588 1652 1782 1725; x_wconf 79' lang='grc' dir='ltr'>ἀποπλεόντων,</span> <span class='ocrx_word' id='word_1_365' title='bbox 1794 1652 1931 1731; x_wconf 75' lang='grc' dir='ltr'>Ἄχὺλίυη</span> <span class='ocrx_word' id='word_1_366' title='bbox 1940 1652 1999 1711; x_wconf 72' lang='lat' dir='ltr'><strong>aliea·</strong></span> 
     </span>
     <span class='ocr_line' id='line_1_59' title="bbox 1262 1739 2000 1824; baseline -0.003 -23"><span class='ocrx_word' id='word_1_367' title='bbox 1262 1744 1306 1801; x_wconf 92' lang='grc' dir='ltr'><strong>λον</strong></span> <span class='ocrx_word' id='word_1_368' title='bbox 1317 1742 1438 1824; x_wconf 75' lang='grc' dir='ltr'>ἐπιφανὲν</span> <span class='ocrx_word' id='word_1_369' title='bbox 1450 1752 1571 1823; x_wconf 78' lang='grc' dir='ltr'>πειρᾶται</span> <span class='ocrx_word' id='word_1_370' title='bbox 1589 1742 1741 1801; x_wconf 76' lang='grc' dir='ltr'>διακωλύειν</span> <span class='ocrx_word' id='word_1_371' title='bbox 1755 1739 1883 1820; x_wconf 74' lang='grc' dir='ltr'>προλέγον</span> <span class='ocrx_word' id='word_1_372' title='bbox 1897 1740 1927 1799; x_wconf 74' lang='grc' dir='ltr'>τά</span> <span class='ocrx_word' id='word_1_373' title='bbox 1943 1764 2000 1817; x_wconf 80' lang='grc' dir='ltr'>συμ-</span> 
     </span>
     <span class='ocr_line' id='line_1_60' title="bbox 1263 1830 1999 1909; baseline -0.007 -19"><span class='ocrx_word' id='word_1_374' title='bbox 1263 1830 1406 1909; x_wconf 75' lang='grc' dir='ltr'>ὅητόριενα.</span> <span class='ocrx_word' id='word_1_375' title='bbox 1422 1838 1458 1890; x_wconf 87' lang='lat' dir='ltr'><strong>Et</strong></span> <span class='ocrx_word' id='word_1_376' title='bbox 1469 1834 1526 1891; x_wconf 89' lang='lat' dir='ltr'><strong>alio</strong></span> <span class='ocrx_word' id='word_1_377' title='bbox 1540 1834 1605 1890; x_wconf 89' lang='lat' dir='ltr'><strong>loco</strong></span> <span class='ocrx_word' id='word_1_378' title='bbox 1617 1854 1624 1888; x_wconf 91' lang='lat'>:</span> <span class='ocrx_word' id='word_1_379' title='bbox 1636 1830 1751 1891; x_wconf 78' lang='grc' dir='ltr'>Ἔπειτα</span> <span class='ocrx_word' id='word_1_380' title='bbox 1769 1830 1944 1909; x_wconf 75' lang='grc' dir='ltr'>ἐμπρήσαντες</span> <span class='ocrx_word' id='word_1_381' title='bbox 1961 1830 1999 1899; x_wconf 68' lang='grc' dir='ltr'>τὴν</span> 
     </span>
     <span class='ocr_line' id='line_1_61' title="bbox 1262 1916 2000 1996; baseline 0.005 -21"><span class='ocrx_word' id='word_1_382' title='bbox 1262 1916 1349 1996; x_wconf 81' lang='grc' dir='ltr'>πολιν,</span> <span class='ocrx_word' id='word_1_383' title='bbox 1358 1918 1506 1989; x_wconf 80' lang='grc' dir='ltr'>Πολυξένην</span> <span class='ocrx_word' id='word_1_384' title='bbox 1519 1921 1704 1995; x_wconf 81' lang='grc' dir='ltr'>σφαγιάζουσιν</span> <span class='ocrx_word' id='word_1_385' title='bbox 1719 1916 1763 1977; x_wconf 75' lang='grc' dir='ltr'><strong>ἰπὶ</strong></span> <span class='ocrx_word' id='word_1_386' title='bbox 1772 1918 1817 1977; x_wconf 80' lang='grc' dir='ltr'><strong>τὸν</strong></span> <span class='ocrx_word' id='word_1_387' title='bbox 1829 1923 1871 1975; x_wconf 78' lang='grc' dir='ltr'><strong>τοῦ</strong></span> <span class='ocrx_word' id='word_1_388' title='bbox 1884 1916 2000 1995; x_wconf 55' lang='grc' dir='ltr'>Ἀχιλλέα</span> 
     </span>
     <span class='ocr_line' id='line_1_62' title="bbox 1262 2003 1999 2085; baseline -0.005 -22"><span class='ocrx_word' id='word_1_389' title='bbox 1262 2006 1352 2085; x_wconf 81' lang='grc' dir='ltr'>τάφον.</span> <span class='ocrx_word' id='word_1_390' title='bbox 1374 2013 1411 2067; x_wconf 86' lang='lat' dir='ltr'><strong>Et</strong></span> <span class='ocrx_word' id='word_1_391' title='bbox 1427 2026 1463 2064; x_wconf 86' lang='lat' dir='ltr'><strong>ex</strong></span> <span class='ocrx_word' id='word_1_392' title='bbox 1483 2008 1593 2064; x_wconf 79' lang='lat' dir='ltr'><strong>Arctini</strong></span> <span class='ocrx_word' id='word_1_393' title='bbox 1606 2006 1724 2064; x_wconf 80' lang='lat' dir='ltr'><strong>Excidio</strong></span> <span class='ocrx_word' id='word_1_394' title='bbox 1744 2006 1808 2063; x_wconf 87' lang='lat' dir='ltr'><strong>liii:</strong></span> <span class='ocrx_word' id='word_1_395' title='bbox 1823 2003 1936 2063; x_wconf 80' lang='grc' dir='ltr'>Ἔπειτα</span> <span class='ocrx_word' id='word_1_396' title='bbox 1948 2006 1999 2060; x_wconf 78' lang='grc' dir='ltr'>ἁτε-</span> 
     </span>
     <span class='ocr_line' id='line_1_63' title="bbox 1263 2094 1998 2177; baseline -0.004 -23"><span class='ocrx_word' id='word_1_397' title='bbox 1263 2094 1384 2154; x_wconf 76' lang='grc' dir='ltr'>πλέουσιν</span> <span class='ocrx_word' id='word_1_398' title='bbox 1399 2098 1423 2154; x_wconf 84' lang='grc' dir='ltr'><strong>οί</strong></span> <span class='ocrx_word' id='word_1_399' title='bbox 1433 2094 1563 2166; x_wconf 66' lang='grc' dir='ltr'>Ἰἰλληνες</span> <span class='ocrx_word' id='word_1_400' title='bbox 1576 2096 1620 2154; x_wconf 79' lang='grc' dir='ltr'><strong>καὶ</strong></span> <span class='ocrx_word' id='word_1_401' title='bbox 1632 2095 1728 2177; x_wconf 72' lang='grc' dir='ltr'>φθοράν</span> <span class='ocrx_word' id='word_1_402' title='bbox 1745 2096 1833 2161; x_wconf 76' lang='grc' dir='ltr'>αὐτοῖς</span> <span class='ocrx_word' id='word_1_403' title='bbox 1845 2096 1936 2167; x_wconf 71' lang='grc' dir='ltr'>Ἀθηνᾶ</span> <span class='ocrx_word' id='word_1_404' title='bbox 1946 2094 1998 2151; x_wconf 68' lang='grc' dir='ltr'>κατά</span> 
     </span>
     <span class='ocr_line' id='line_1_64' title="bbox 1263 2181 1999 2263; baseline 0 -23"><span class='ocrx_word' id='word_1_405' title='bbox 1263 2182 1293 2240; x_wconf 83' lang='grc' dir='ltr'>τὸ</span> <span class='ocrx_word' id='word_1_406' title='bbox 1304 2181 1416 2259; x_wconf 81' lang='grc' dir='ltr'>πέλαγος</span> <span class='ocrx_word' id='word_1_407' title='bbox 1428 2192 1587 2263; x_wconf 71' lang='grc' dir='ltr'>μηχανᾶται.</span> <span class='ocrx_word' id='word_1_408' title='bbox 1600 2184 1787 2263; x_wconf 85' lang='lat' dir='ltr'><strong>EtLouginus</strong></span> <span class='ocrx_word' id='word_1_409' title='bbox 1795 2188 1863 2257; x_wconf 81' lang='lat' dir='ltr'><strong>XV,</strong></span> <span class='ocrx_word' id='word_1_410' title='bbox 1876 2204 1890 2253; x_wconf 80' lang='lat'><strong>7</strong></span> <span class='ocrx_word' id='word_1_411' title='bbox 1901 2206 1907 2238; x_wconf 77' lang='grc' dir='ltr'>ε</span> <span class='ocrx_word' id='word_1_412' title='bbox 1919 2182 1999 2261; x_wconf 70' lang='grc' dir='ltr'>Ἄκρας</span> 
     </span>
     <span class='ocr_line' id='line_1_65' title="bbox 1264 2268 1999 2351; baseline -0.005 -24"><span class='ocrx_word' id='word_1_413' title='bbox 1264 2269 1291 2328; x_wconf 77' lang='grc' dir='ltr'><strong>δὲ</strong></span> <span class='ocrx_word' id='word_1_414' title='bbox 1313 2268 1357 2327; x_wconf 83' lang='grc' dir='ltr'><strong>καὶ</strong></span> <span class='ocrx_word' id='word_1_415' title='bbox 1374 2272 1534 2351; x_wconf 79' lang='grc' dir='ltr'>ὁΣοφοκλῆς</span> <span class='ocrx_word' id='word_1_416' title='bbox 1555 2270 1598 2329; x_wconf 79' lang='grc' dir='ltr'><strong>ἐπὶ</strong></span> <span class='ocrx_word' id='word_1_417' title='bbox 1617 2277 1663 2329; x_wconf 79' lang='grc' dir='ltr'><strong>τοῦ</strong></span> <span class='ocrx_word' id='word_1_418' title='bbox 1677 2270 1833 2341; x_wconf 64' lang='lat' dir='ltr'><strong>hanonie</strong></span> <span class='ocrx_word' id='word_1_419' title='bbox 1842 2269 1948 2327; x_wconf 75' lang='grc' dir='ltr'>Οἰδίπου</span> <span class='ocrx_word' id='word_1_420' title='bbox 1965 2268 1999 2324; x_wconf 82' lang='grc' dir='ltr'><strong>καὶ</strong></span> 
     </span>
     <span class='ocr_line' id='line_1_66' title="bbox 1265 2355 1999 2435; baseline -0.001 -22"><span class='ocrx_word' id='word_1_421' title='bbox 1265 2356 1355 2415; x_wconf 77' lang='grc' dir='ltr'>ἑαυτὸν</span> <span class='ocrx_word' id='word_1_422' title='bbox 1366 2356 1433 2433; x_wconf 78' lang='grc' dir='ltr'>μετά</span> <span class='ocrx_word' id='word_1_423' title='bbox 1443 2357 1593 2433; x_wconf 80' lang='grc' dir='ltr'>διοσημείας</span> <span class='ocrx_word' id='word_1_424' title='bbox 1602 2356 1668 2421; x_wconf 79' lang='grc' dir='ltr'>τινὸς</span> <span class='ocrx_word' id='word_1_425' title='bbox 1679 2356 1822 2422; x_wconf 77' lang='grc' dir='ltr'>θάπτοντος</span> <span class='ocrx_word' id='word_1_426' title='bbox 1830 2355 1999 2435; x_wconf 79' lang='grc' dir='ltr'>κεφάνιαττιι.</span> 
     </span>
     <span class='ocr_line' id='line_1_67' title="bbox 1265 2442 2000 2519; baseline -0.004 -19"><span class='ocrx_word' id='word_1_427' title='bbox 1265 2442 1388 2502; x_wconf 70' lang='grc' dir='ltr'>καὶκατὰ</span> <span class='ocrx_word' id='word_1_428' title='bbox 1402 2444 1444 2505; x_wconf 85' lang='grc' dir='ltr'><strong>τὸν</strong></span> <span class='ocrx_word' id='word_1_429' title='bbox 1460 2444 1593 2503; x_wconf 88' lang='grc' dir='ltr'>άπόπλυυν</span> <span class='ocrx_word' id='word_1_430' title='bbox 1608 2448 1659 2503; x_wconf 78' lang='grc' dir='ltr'><strong>τῶν</strong></span> <span class='ocrx_word' id='word_1_431' title='bbox 1676 2442 1812 2515; x_wconf 75' lang='grc' dir='ltr'>Ἑλλήνων</span> <span class='ocrx_word' id='word_1_432' title='bbox 1826 2444 1868 2501; x_wconf 78' lang='grc' dir='ltr'><strong>ἐπὶ</strong></span> <span class='ocrx_word' id='word_1_433' title='bbox 1880 2448 1923 2500; x_wconf 77' lang='grc' dir='ltr'><strong>τοῦ</strong></span> <span class='ocrx_word' id='word_1_434' title='bbox 1932 2442 2000 2519; x_wconf 74' lang='grc' dir='ltr'>Ἀχιλ-</span> 
     </span>
     <span class='ocr_line' id='line_1_68' title="bbox 1264 2528 1998 2612; baseline -0.003 -23"><span class='ocrx_word' id='word_1_435' title='bbox 1264 2528 1328 2595; x_wconf 78' lang='grc' dir='ltr'>λέως</span> <span class='ocrx_word' id='word_1_436' title='bbox 1338 2532 1546 2612; x_wconf 81' lang='grc' dir='ltr'>προφαινορκὲνου</span> <span class='ocrx_word' id='word_1_437' title='bbox 1555 2540 1607 2598; x_wconf 82' lang='grc' dir='ltr'>τοῖς</span> <span class='ocrx_word' id='word_1_438' title='bbox 1617 2530 1786 2609; x_wconf 76' lang='grc' dir='ltr'>ἀναγομένοις</span> <span class='ocrx_word' id='word_1_439' title='bbox 1797 2529 1863 2609; x_wconf 74' lang='grc' dir='ltr'>ὑπὲρ</span> <span class='ocrx_word' id='word_1_440' title='bbox 1874 2536 1917 2589; x_wconf 79' lang='grc' dir='ltr'><strong>τοῦ</strong></span> <span class='ocrx_word' id='word_1_441' title='bbox 1926 2531 1998 2608; x_wconf 62' lang='grc' dir='ltr'>τάφου.</span> 
     </span>
     <span class='ocr_line' id='line_1_69' title="bbox 1265 2622 2001 2700; baseline -0.005 -20"><span class='ocrx_word' id='word_1_442' title='bbox 1265 2624 1421 2694; x_wconf 69' lang='lat' dir='ltr'><strong>«Scilicet,</strong></span> <span class='ocrx_word' id='word_1_443' title='bbox 1437 2623 1529 2700; x_wconf 83' lang='lat' dir='ltr'><strong>iuquit</strong></span> <span class='ocrx_word' id='word_1_444' title='bbox 1543 2624 1718 2693; x_wconf 66' lang='lat' dir='ltr'><strong>Branchus,</strong></span> <span class='ocrx_word' id='word_1_445' title='bbox 1731 2624 1762 2680; x_wconf 91' lang='lat' dir='ltr'><strong>in</strong></span> <span class='ocrx_word' id='word_1_446' title='bbox 1776 2622 1833 2679; x_wconf 94' lang='lat' dir='ltr'><strong>hoc</strong></span> <span class='ocrx_word' id='word_1_447' title='bbox 1844 2622 1960 2679; x_wconf 70' lang='lat' dir='ltr'><strong>dumate</strong></span> <span class='ocrx_word' id='word_1_448' title='bbox 1970 2622 2001 2676; x_wconf 90' lang='lat' dir='ltr'><strong>in-</strong></span> 
     </span>
     <span class='ocr_line' id='line_1_70' title="bbox 1265 2706 1997 2786; baseline -0.008 -19"><span class='ocrx_word' id='word_1_449' title='bbox 1265 2708 1423 2767; x_wconf 90' lang='lat' dir='ltr'><strong>ducebatur</strong></span> <span class='ocrx_word' id='word_1_450' title='bbox 1436 2711 1555 2768; x_wconf 84' lang='lat' dir='ltr'><strong>Achillis</strong></span> <span class='ocrx_word' id='word_1_451' title='bbox 1568 2708 1683 2786; x_wconf 86' lang='lat' dir='ltr'><strong>umbra,</strong></span> <span class='ocrx_word' id='word_1_452' title='bbox 1697 2706 1834 2786; x_wconf 79' lang='lat' dir='ltr'><strong>qitodque</strong></span> <span class='ocrx_word' id='word_1_453' title='bbox 1846 2707 1919 2784; x_wconf 84' lang='lat' dir='ltr'><strong>apud</strong></span> <span class='ocrx_word' id='word_1_454' title='bbox 1931 2711 1997 2763; x_wconf 83' lang='lat' dir='ltr'><strong>Eun-</strong></span> 
     </span>
     <span class='ocr_line' id='line_1_71' title="bbox 1266 2794 1999 2874; baseline -0.008 -21"><span class='ocrx_word' id='word_1_455' title='bbox 1266 2796 1361 2874; x_wconf 91' lang='lat' dir='ltr'><strong>pidem</strong></span> <span class='ocrx_word' id='word_1_456' title='bbox 1384 2809 1518 2855; x_wconf 87' lang='lat' dir='ltr'><strong>narratur</strong></span> <span class='ocrx_word' id='word_1_457' title='bbox 1537 2798 1620 2855; x_wconf 88' lang='lat' dir='ltr'><strong>initio</strong></span> <span class='ocrx_word' id='word_1_458' title='bbox 1640 2795 1782 2867; x_wconf 85' lang='lat' dir='ltr'><strong>Hecubae,</strong></span> <span class='ocrx_word' id='word_1_459' title='bbox 1808 2796 1839 2853; x_wconf 93' lang='lat' dir='ltr'><strong>id</strong></span> <span class='ocrx_word' id='word_1_460' title='bbox 1865 2794 1999 2873; x_wconf 77' lang='lat' dir='ltr'><strong>Soplrorles</strong></span> 
     </span>
     <span class='ocr_line' id='line_1_72' title="bbox 1265 2881 1999 2961; baseline -0.004 -21"><span class='ocrx_word' id='word_1_461' title='bbox 1265 2896 1458 2960; x_wconf 86' lang='lat' dir='ltr'><strong>spectatorum</strong></span> <span class='ocrx_word' id='word_1_462' title='bbox 1476 2883 1634 2961; x_wconf 85' lang='lat' dir='ltr'><strong>subjecerat</strong></span> <span class='ocrx_word' id='word_1_463' title='bbox 1645 2885 1746 2943; x_wconf 89' lang='lat' dir='ltr'><strong>oculis.</strong></span> <span class='ocrx_word' id='word_1_464' title='bbox 1761 2910 1772 2934; x_wconf 73' lang='grc' dir='ltr'>ι</span> <span class='ocrx_word' id='word_1_465' title='bbox 1787 2881 1911 2941; x_wconf 82' lang='lat' dir='ltr'><strong>Eandem</strong></span> <span class='ocrx_word' id='word_1_466' title='bbox 1927 2882 1999 2938; x_wconf 80' lang='lat' dir='ltr'><strong>n&#39;nm</strong></span> 
     </span>
     <span class='ocr_line' id='line_1_73' title="bbox 1265 2972 1999 3051; baseline -0.01 -22"><span class='ocrx_word' id='word_1_467' title='bbox 1265 2972 1341 3029; x_wconf 89' lang='lat' dir='ltr'><strong>inter</strong></span> <span class='ocrx_word' id='word_1_468' title='bbox 1365 2979 1605 3051; x_wconf 79' lang='lat' dir='ltr'><strong>Agamemnonem</strong></span> <span class='ocrx_word' id='word_1_469' title='bbox 1637 2985 1666 3029; x_wconf 91' lang='lat' dir='ltr'><strong>ct</strong></span> <span class='ocrx_word' id='word_1_470' title='bbox 1693 2972 1856 3029; x_wconf 83' lang='lat' dir='ltr'><strong>Menelaum</strong></span> <span class='ocrx_word' id='word_1_471' title='bbox 1883 2980 1999 3027; x_wconf 81' lang='lat' dir='ltr'><strong>memorat</strong></span> 
     </span>
     <span class='ocr_line' id='line_1_74' title="bbox 1266 3053 2000 3137; baseline -0.014 -20"><span class='ocrx_word' id='word_1_472' title='bbox 1266 3064 1407 3117; x_wconf 90' lang='lat' dir='ltr'><strong>Homerus</strong></span> <span class='ocrx_word' id='word_1_473' title='bbox 1419 3060 1450 3116; x_wconf 92' lang='lat' dir='ltr'><strong>in</strong></span> <span class='ocrx_word' id='word_1_474' title='bbox 1460 3059 1588 3136; x_wconf 85' lang='lat' dir='ltr'><strong>Odyssea</strong></span> <span class='ocrx_word' id='word_1_475' title='bbox 1600 3059 1648 3137; x_wconf 83' lang='grc' dir='ltr'><strong>(Γ,</strong></span> <span class='ocrx_word' id='word_1_476' title='bbox 1666 3058 1827 3133; x_wconf 68' lang='lat' dir='ltr'><strong>ild-att),</strong></span> <span class='ocrx_word' id='word_1_477' title='bbox 1842 3069 1872 3114; x_wconf 91' lang='lat' dir='ltr'><strong>ut</strong></span> <span class='ocrx_word' id='word_1_478' title='bbox 1886 3053 2000 3113; x_wconf 80' lang='lat' dir='ltr'><strong>credibile</strong></span> 
     </span>
     <span class='ocr_line' id='line_1_75' title="bbox 1266 3147 1940 3224; baseline -0.009 -19"><span class='ocrx_word' id='word_1_479' title='bbox 1266 3149 1303 3205; x_wconf 89' lang='lat' dir='ltr'><strong>sit</strong></span> <span class='ocrx_word' id='word_1_480' title='bbox 1316 3147 1489 3224; x_wconf 90' lang='lat' dir='ltr'><strong>Sophoclem</strong></span> <span class='ocrx_word' id='word_1_481' title='bbox 1502 3149 1583 3224; x_wconf 87' lang='lat' dir='ltr'><strong>epica</strong></span> <span class='ocrx_word' id='word_1_482' title='bbox 1598 3148 1723 3205; x_wconf 89' lang='lat' dir='ltr'><strong>carmiua</strong></span> <span class='ocrx_word' id='word_1_483' title='bbox 1734 3160 1863 3204; x_wconf 72' lang='lat' dir='ltr'><strong>secernam</strong></span> <span class='ocrx_word' id='word_1_484' title='bbox 1877 3164 1940 3201; x_wconf 83' lang='lat' dir='ltr'><strong>esse.</strong></span> 
     </span>
     <span class='ocr_line' id='line_1_76' title="bbox 1283 3229 1999 3307; baseline -0.014 -13"><span class='ocrx_word' id='word_1_485' title='bbox 1283 3235 1440 3294; x_wconf 81' lang='lat' dir='ltr'><strong>&#39;Virorum</strong></span> <span class='ocrx_word' id='word_1_486' title='bbox 1468 3235 1619 3293; x_wconf 89' lang='lat' dir='ltr'><strong>doctorum</strong></span> <span class='ocrx_word' id='word_1_487' title='bbox 1643 3235 1793 3293; x_wconf 68' lang='lat' dir='ltr'><strong>sententiae</strong></span> <span class='ocrx_word' id='word_1_488' title='bbox 1824 3233 1860 3291; x_wconf 92' lang='lat' dir='ltr'><strong>de</strong></span> <span class='ocrx_word' id='word_1_489' title='bbox 1887 3229 1999 3307; x_wconf 80' lang='lat' dir='ltr'><strong>tragedia</strong></span> 
     </span>
     <span class='ocr_line' id='line_1_77' title="bbox 1266 3316 1999 3399; baseline -0.011 -21"><span class='ocrx_word' id='word_1_490' title='bbox 1266 3341 1351 3399; x_wconf 90' lang='lat' dir='ltr'><strong>quam</strong></span> <span class='ocrx_word' id='word_1_491' title='bbox 1367 3321 1489 3380; x_wconf 85' lang='lat' dir='ltr'><strong>maxime</strong></span> <span class='ocrx_word' id='word_1_492' title='bbox 1503 3325 1577 3379; x_wconf 89' lang='lat' dir='ltr'><strong>inter</strong></span> <span class='ocrx_word' id='word_1_493' title='bbox 1591 3341 1620 3379; x_wconf 89' lang='lat' dir='ltr'><strong>se</strong></span> <span class='ocrx_word' id='word_1_494' title='bbox 1636 3321 1782 3380; x_wconf 82' lang='lat' dir='ltr'><strong>dillerunt.</strong></span> <span class='ocrx_word' id='word_1_495' title='bbox 1799 3325 1840 3378; x_wconf 77' lang='lat' dir='ltr'><strong>Ac</strong></span> <span class='ocrx_word' id='word_1_496' title='bbox 1860 3316 1999 3376; x_wconf 78' lang='lat' dir='ltr'><strong>Plelckems</strong></span> 
     </span>
     <span class='ocr_line' id='line_1_78' title="bbox 1266 3409 1998 3487; baseline -0.005 -21"><span class='ocrx_word' id='word_1_497' title='bbox 1266 3409 1380 3487; x_wconf 86' lang='lat' dir='ltr'><strong>quidem</strong></span> <span class='ocrx_word' id='word_1_498' title='bbox 1392 3410 1617 3468; x_wconf 87' lang='lat' dir='ltr'><strong>immolationem</strong></span> <span class='ocrx_word' id='word_1_499' title='bbox 1631 3411 1782 3486; x_wconf 71' lang='lat' dir='ltr'><strong>Polyxena</strong></span> <span class='ocrx_word' id='word_1_500' title='bbox 1796 3427 1813 3465; x_wconf 91' lang='lat' dir='ltr'><strong>a</strong></span> <span class='ocrx_word' id='word_1_501' title='bbox 1828 3419 1909 3485; x_wconf 84' lang='lat' dir='ltr'><strong>poeta</strong></span> <span class='ocrx_word' id='word_1_502' title='bbox 1920 3423 1998 3482; x_wconf 74' lang='lat' dir='ltr'><strong>parau-</strong></span> 
     </span>
     <span class='ocr_line' id='line_1_79' title="bbox 1267 3497 1997 3574; baseline -0.016 -20"><span class='ocrx_word' id='word_1_503' title='bbox 1267 3517 1323 3574; x_wconf 89' lang='lat' dir='ltr'><strong>puc</strong></span> <span class='ocrx_word' id='word_1_504' title='bbox 1340 3497 1513 3574; x_wconf 88' lang='lat' dir='ltr'><strong>descriptam</strong></span> <span class='ocrx_word' id='word_1_505' title='bbox 1534 3517 1595 3555; x_wconf 83' lang='lat' dir='ltr'><strong>esse</strong></span> <span class='ocrx_word' id='word_1_506' title='bbox 1614 3510 1696 3574; x_wconf 89' lang='lat' dir='ltr'><strong>putat</strong></span> <span class='ocrx_word' id='word_1_507' title='bbox 1717 3510 1805 3573; x_wconf 88' lang='lat' dir='ltr'><strong>atque</strong></span> <span class='ocrx_word' id='word_1_508' title='bbox 1826 3516 1862 3554; x_wconf 79' lang='lat' dir='ltr'><strong>ea</strong></span> <span class='ocrx_word' id='word_1_509' title='bbox 1874 3514 1905 3552; x_wconf 84' lang='lat' dir='ltr'><strong>ea</strong></span> <span class='ocrx_word' id='word_1_510' title='bbox 1917 3509 1997 3549; x_wconf 83' lang='lat' dir='ltr'><strong>norum</strong></span> 
     </span>
     <span class='ocr_line' id='line_1_80' title="bbox 1266 3577 1999 3660; baseline -0.016 -18"><span class='ocrx_word' id='word_1_511' title='bbox 1266 3585 1410 3660; x_wconf 79' lang='lat' dir='ltr'><strong>tragoediae</strong></span> <span class='ocrx_word' id='word_1_512' title='bbox 1423 3585 1582 3643; x_wconf 86' lang='lat' dir='ltr'><strong>inventum.</strong></span> <span class='ocrx_word' id='word_1_513' title='bbox 1594 3589 1665 3644; x_wconf 90' lang='lat' dir='ltr'><strong>Orta</strong></span> <span class='ocrx_word' id='word_1_514' title='bbox 1678 3586 1754 3642; x_wconf 91' lang='lat' dir='ltr'><strong>euim</strong></span> <span class='ocrx_word' id='word_1_515' title='bbox 1765 3585 1840 3641; x_wconf 92' lang='lat' dir='ltr'><strong>inter</strong></span> <span class='ocrx_word' id='word_1_516' title='bbox 1854 3583 1944 3639; x_wconf 81' lang='lat' dir='ltr'><strong>iratres</strong></span> <span class='ocrx_word' id='word_1_517' title='bbox 1953 3577 1999 3632; x_wconf 78' lang='lat' dir='ltr'><strong>dis-</strong></span> 
     </span>
     <span class='ocr_line' id='line_1_81' title="bbox 1267 3666 1998 3748; baseline -0.01 -20"><span class='ocrx_word' id='word_1_518' title='bbox 1267 3671 1883 3748; x_wconf 78' lang='lat' dir='ltr'><strong>cordiaagamemnoneremanerecupiente,</strong></span> <span class='ocrx_word' id='word_1_519' title='bbox 1893 3666 1998 3724; x_wconf 78' lang='lat' dir='ltr'><strong>Menelao</strong></span> 
     </span>
     <span class='ocr_line' id='line_1_82' title="bbox 1266 3752 1996 3836; baseline -0.005 -20"><span class='ocrx_word' id='word_1_520' title='bbox 1266 3761 1295 3816; x_wconf 90' lang='lat' dir='ltr'><strong>in</strong></span> <span class='ocrx_word' id='word_1_521' title='bbox 1307 3761 1427 3836; x_wconf 88' lang='lat' dir='ltr'><strong>patriam</strong></span> <span class='ocrx_word' id='word_1_522' title='bbox 1435 3761 1527 3818; x_wconf 88' lang='lat' dir='ltr'><strong>redire</strong></span> <span class='ocrx_word' id='word_1_523' title='bbox 1539 3761 1662 3830; x_wconf 87' lang='lat' dir='ltr'><strong>volente,</strong></span> <span class='ocrx_word' id='word_1_524' title='bbox 1671 3780 1779 3818; x_wconf 82' lang='lat' dir='ltr'><strong>novum</strong></span> <span class='ocrx_word' id='word_1_525' title='bbox 1790 3759 1884 3818; x_wconf 85' lang='lat' dir='ltr'><strong>abitus</strong></span> <span class='ocrx_word' id='word_1_526' title='bbox 1897 3752 1996 3832; x_wconf 85' lang='lat' dir='ltr'><strong>impedi·</strong></span> 
     </span>
     <span class='ocr_line' id='line_1_83' title="bbox 1268 3849 1997 3925; baseline -0.003 -22"><span class='ocrx_word' id='word_1_527' title='bbox 1268 3861 1391 3904; x_wconf 80' lang='lat' dir='ltr'><strong>trientum</strong></span> <span class='ocrx_word' id='word_1_528' title='bbox 1405 3849 1495 3906; x_wconf 85' lang='lat' dir='ltr'><strong>sacris</strong></span> <span class='ocrx_word' id='word_1_529' title='bbox 1506 3849 1642 3906; x_wconf 82' lang='lat' dir='ltr'><strong>Minervae</strong></span> <span class='ocrx_word' id='word_1_530' title='bbox 1659 3849 1781 3925; x_wconf 85' lang='lat' dir='ltr'><strong>peractis</strong></span> <span class='ocrx_word' id='word_1_531' title='bbox 1799 3861 1892 3904; x_wconf 86' lang='lat' dir='ltr'><strong>ortum</strong></span> <span class='ocrx_word' id='word_1_532' title='bbox 1906 3863 1957 3902; x_wconf 80' lang='lat' dir='ltr'><strong>csse</strong></span> <span class='ocrx_word' id='word_1_533' title='bbox 1968 3851 1997 3894; x_wconf 66' lang='grc' dir='ltr'>οἱ</span> 
     </span>
     <span class='ocr_line' id='line_1_84' title="bbox 1266 3929 2073 4012; baseline -0.011 -22"><span class='ocrx_word' id='word_1_534' title='bbox 1266 3936 1444 4011; x_wconf 88' lang='lat' dir='ltr'><strong>apparitione</strong></span> <span class='ocrx_word' id='word_1_535' title='bbox 1463 3936 1606 3994; x_wconf 89' lang='lat' dir='ltr'><strong>simulacri</strong></span> <span class='ocrx_word' id='word_1_536' title='bbox 1636 3936 1777 4002; x_wconf 79' lang='lat' dir='ltr'><strong>achillis,</strong></span> <span class='ocrx_word' id='word_1_537' title='bbox 1803 3937 1854 4012; x_wconf 92' lang='lat' dir='ltr'><strong>qui</strong></span> <span class='ocrx_word' id='word_1_538' title='bbox 1879 3929 1995 4010; x_wconf 80' lang='lat' dir='ltr'><strong>postulata</strong></span> <span class='ocrx_word' id='word_1_539' title='bbox 2072 3969 2073 3972; x_wconf 63' lang='lat'>,</span> 
     </span>
     <span class='ocr_line' id='line_1_85' title="bbox 1267 4015 2073 4100; baseline -0.01 -24"><span class='ocrx_word' id='word_1_540' title='bbox 1267 4023 1415 4097; x_wconf 72' lang='lat' dir='ltr'><strong>Polyxene</strong></span> <span class='ocrx_word' id='word_1_541' title='bbox 1425 4025 1619 4082; x_wconf 88' lang='lat' dir='ltr'><strong>immolatione</strong></span> <span class='ocrx_word' id='word_1_542' title='bbox 1629 4025 1810 4100; x_wconf 81' lang='lat' dir='ltr'><strong>omnia‚quae</strong></span> <span class='ocrx_word' id='word_1_543' title='bbox 1820 4015 1996 4100; x_wconf 79' lang='lat' dir='ltr'><strong>Agamemami</strong></span> <span class='ocrx_word' id='word_1_544' title='bbox 2072 4029 2073 4092; x_wconf 63' lang='lat' dir='ltr'><strong>l</strong></span> 
     </span>
     <span class='ocr_line' id='line_1_86' title="bbox 1266 4103 2073 4187; baseline -0.012 -22"><span class='ocrx_word' id='word_1_545' title='bbox 1266 4110 1294 4165; x_wconf 89' lang='lat' dir='ltr'><strong>iu</strong></span> <span class='ocrx_word' id='word_1_546' title='bbox 1311 4110 1431 4187; x_wconf 88' lang='lat' dir='ltr'><strong>patriam</strong></span> <span class='ocrx_word' id='word_1_547' title='bbox 1450 4131 1564 4169; x_wconf 85' lang='lat' dir='ltr'><strong>reverso</strong></span> <span class='ocrx_word' id='word_1_548' title='bbox 1587 4125 1724 4169; x_wconf 90' lang='lat' dir='ltr'><strong>eventurn</strong></span> <span class='ocrx_word' id='word_1_549' title='bbox 1750 4112 1828 4186; x_wconf 86' lang='lat' dir='ltr'><strong>sint,</strong></span> <span class='ocrx_word' id='word_1_550' title='bbox 1849 4103 1997 4187; x_wconf 76' lang='lat' dir='ltr'><strong>praedixerit.</strong></span> <span class='ocrx_word' id='word_1_551' title='bbox 2072 4141 2073 4144; x_wconf 63' lang='lat'>,</span> 
     </span>
     <span class='ocr_line' id='line_1_87' title="bbox 1268 4197 1996 4276; baseline -0.011 -23"><span class='ocrx_word' id='word_1_552' title='bbox 1268 4201 1325 4253; x_wconf 80' lang='lat' dir='ltr'><strong>liae</strong></span> <span class='ocrx_word' id='word_1_553' title='bbox 1338 4197 1365 4253; x_wconf 89' lang='lat' dir='ltr'><strong>in</strong></span> <span class='ocrx_word' id='word_1_554' title='bbox 1381 4217 1411 4255; x_wconf 91' lang='lat' dir='ltr'><strong>re</strong></span> <span class='ocrx_word' id='word_1_555' title='bbox 1425 4217 1556 4275; x_wconf 89' lang='lat' dir='ltr'><strong>magnam</strong></span> <span class='ocrx_word' id='word_1_556' title='bbox 1567 4211 1676 4276; x_wconf 87' lang='lat' dir='ltr'><strong>partem</strong></span> <span class='ocrx_word' id='word_1_557' title='bbox 1696 4197 1842 4274; x_wconf 78' lang='lat' dir='ltr'><strong>tragoediae</strong></span> <span class='ocrx_word' id='word_1_558' title='bbox 1855 4205 1996 4254; x_wconf 78' lang='lat' dir='ltr'><strong>tranuaau</strong></span> 
     </span>
     <span class='ocr_line' id='line_1_88' title="bbox 1266 4281 1996 4363; baseline -0.011 -24"><span class='ocrx_word' id='word_1_559' title='bbox 1266 4285 1482 4357; x_wconf 67' lang='lat' dir='ltr'><strong>vercellinum,</strong></span> <span class='ocrx_word' id='word_1_560' title='bbox 1499 4285 1568 4362; x_wconf 86' lang='lat' dir='ltr'><strong>quia</strong></span> <span class='ocrx_word' id='word_1_561' title='bbox 1582 4287 1776 4363; x_wconf 78' lang='lat' dir='ltr'><strong>spectatorum</strong></span> <span class='ocrx_word' id='word_1_562' title='bbox 1798 4284 1916 4341; x_wconf 81' lang='lat' dir='ltr'><strong>maxime</strong></span> <span class='ocrx_word' id='word_1_563' title='bbox 1926 4281 1996 4335; x_wconf 84' lang='lat' dir='ltr'><strong>inter·</strong></span> 
     </span>
     <span class='ocr_line' id='line_1_89' title="bbox 1268 4371 1996 4450; baseline -0.012 -24"><span class='ocrx_word' id='word_1_564' title='bbox 1268 4371 1355 4430; x_wconf 89' lang='lat' dir='ltr'><strong>luerit</strong></span> <span class='ocrx_word' id='word_1_565' title='bbox 1368 4371 1482 4442; x_wconf 81' lang='lat' dir='ltr'><strong>uidere,</strong></span> <span class='ocrx_word' id='word_1_566' title='bbox 1504 4393 1562 4450; x_wconf 88' lang='lat' dir='ltr'><strong>quo</strong></span> <span class='ocrx_word' id='word_1_567' title='bbox 1587 4373 1713 4432; x_wconf 78' lang='lat' dir='ltr'><strong>Achilles</strong></span> <span class='ocrx_word' id='word_1_568' title='bbox 1736 4373 1825 4429; x_wconf 93' lang='lat' dir='ltr'><strong>modo</strong></span> <span class='ocrx_word' id='word_1_569' title='bbox 1845 4371 1874 4428; x_wconf 91' lang='lat' dir='ltr'><strong>in</strong></span> <span class='ocrx_word' id='word_1_570' title='bbox 1895 4375 1996 4443; x_wconf 69' lang='grc' dir='ltr'>Δρωπα-</span> 
     </span>
     <span class='ocr_line' id='line_1_90' title="bbox 1268 4449 1996 4536; baseline -0.018 -21"><span class='ocrx_word' id='word_1_571' title='bbox 1268 4478 1421 4530; x_wconf 88' lang='lat' dir='ltr'><strong>muonem‚</strong></span> <span class='ocrx_word' id='word_1_572' title='bbox 1439 4479 1563 4536; x_wconf 90' lang='lat' dir='ltr'><strong>quocum</strong></span> <span class='ocrx_word' id='word_1_573' title='bbox 1585 4461 1667 4518; x_wconf 87' lang='lat' dir='ltr'><strong>vivus</strong></span> <span class='ocrx_word' id='word_1_574' title='bbox 1692 4459 1844 4516; x_wconf 89' lang='lat' dir='ltr'><strong>continuas</strong></span> <span class='ocrx_word' id='word_1_575' title='bbox 1862 4449 1996 4513; x_wconf 71' lang='lat' dir='ltr'><strong>inimicitia</strong></span> 
     </span>
     <span class='ocr_line' id='line_1_91' title="bbox 1267 4537 1994 4620; baseline -0.004 -17"><span class='ocrx_word' id='word_1_576' title='bbox 1267 4548 1444 4615; x_wconf 82' lang='lat' dir='ltr'><strong>exercuerit,</strong></span> <span class='ocrx_word' id='word_1_577' title='bbox 1457 4561 1588 4606; x_wconf 88' lang='lat' dir='ltr'><strong>mortuus</strong></span> <span class='ocrx_word' id='word_1_578' title='bbox 1598 4549 1738 4606; x_wconf 86' lang='lat' dir='ltr'><strong>animatus</strong></span> <span class='ocrx_word' id='word_1_579' title='bbox 1750 4547 1851 4616; x_wconf 84' lang='lat' dir='ltr'><strong>luerit,</strong></span> <span class='ocrx_word' id='word_1_580' title='bbox 1864 4537 1994 4620; x_wconf 68' lang='lat' dir='ltr'><strong>presertim</strong></span> 
     </span>
     <span class='ocr_line' id='line_1_92' title="bbox 1266 4627 1995 4710; baseline -0.004 -19"><span class='ocrx_word' id='word_1_581' title='bbox 1266 4653 1355 4710; x_wconf 89' lang='lat' dir='ltr'><strong>qnam</strong></span> <span class='ocrx_word' id='word_1_582' title='bbox 1366 4634 1493 4693; x_wconf 79' lang='lat' dir='ltr'><strong>Achilles</strong></span> <span class='ocrx_word' id='word_1_583' title='bbox 1506 4636 1583 4694; x_wconf 84' lang='lat' dir='ltr'><strong>solus</strong></span> <span class='ocrx_word' id='word_1_584' title='bbox 1596 4636 1625 4694; x_wconf 92' lang='lat' dir='ltr'><strong>in</strong></span> <span class='ocrx_word' id='word_1_585' title='bbox 1641 4633 1844 4694; x_wconf 88' lang='lat' dir='ltr'><strong>distributione</strong></span> <span class='ocrx_word' id='word_1_586' title='bbox 1856 4627 1945 4710; x_wconf 66' lang='lat' dir='ltr'><strong>preda</strong></span> <span class='ocrx_word' id='word_1_587' title='bbox 1955 4639 1995 4678; x_wconf 69' lang='grc' dir='ltr'><strong>Μ·</strong></span> 
     </span>
     <span class='ocr_line' id='line_1_93' title="bbox 1268 4711 1996 4799; baseline -0.015 -21"><span class='ocrx_word' id='word_1_588' title='bbox 1268 4723 1376 4798; x_wconf 85' lang='lat' dir='ltr'><strong>glectus</strong></span> <span class='ocrx_word' id='word_1_589' title='bbox 1387 4722 1464 4798; x_wconf 81' lang='lat' dir='ltr'><strong>justa</strong></span> <span class='ocrx_word' id='word_1_590' title='bbox 1486 4734 1515 4779; x_wconf 84' lang='lat' dir='ltr'><strong>et</strong></span> <span class='ocrx_word' id='word_1_591' title='bbox 1535 4723 1634 4781; x_wconf 89' lang='lat' dir='ltr'><strong>dehita</strong></span> <span class='ocrx_word' id='word_1_592' title='bbox 1652 4723 1706 4780; x_wconf 83' lang='lat' dir='ltr'><strong>sibi</strong></span> <span class='ocrx_word' id='word_1_593' title='bbox 1724 4721 1892 4799; x_wconf 80' lang='lat' dir='ltr'><strong>poposcerit.</strong></span> <span class='ocrx_word' id='word_1_594' title='bbox 1904 4711 1996 4772; x_wconf 76' lang='lat' dir='ltr'><strong>Deinde</strong></span> 
     </span>
     <span class='ocr_line' id='line_1_94' title="bbox 1268 4811 1993 4888; baseline -0.004 -22"><span class='ocrx_word' id='word_1_595' title='bbox 1268 4811 1418 4886; x_wconf 81' lang='lat' dir='ltr'><strong>postulatis</strong></span> <span class='ocrx_word' id='word_1_596' title='bbox 1436 4813 1615 4886; x_wconf 84' lang='lat' dir='ltr'><strong>Neoptolemi</strong></span> <span class='ocrx_word' id='word_1_597' title='bbox 1636 4823 1799 4888; x_wconf 88' lang='lat' dir='ltr'><strong>permotum</strong></span> <span class='ocrx_word' id='word_1_598' title='bbox 1820 4827 1876 4866; x_wconf 88' lang='lat' dir='ltr'><strong>esse</strong></span> <span class='ocrx_word' id='word_1_599' title='bbox 1894 4813 1993 4878; x_wconf 75' lang='lat' dir='ltr'><strong>Agnmt&#39;·</strong></span> 
     </span>
     <span class='ocr_line' id='line_1_95' title="bbox 1268 4899 1989 4974; baseline -0.014 -18"><span class='ocrx_word' id='word_1_600' title='bbox 1268 4919 1419 4973; x_wconf 87' lang='lat' dir='ltr'><strong>mnonem,</strong></span> <span class='ocrx_word' id='word_1_601' title='bbox 1435 4911 1465 4955; x_wconf 90' lang='lat' dir='ltr'><strong>ut</strong></span> <span class='ocrx_word' id='word_1_602' title='bbox 1484 4901 1656 4974; x_wconf 81' lang='lat' dir='ltr'><strong>Polyxenam</strong></span> <span class='ocrx_word' id='word_1_603' title='bbox 1673 4901 1840 4956; x_wconf 87' lang='lat' dir='ltr'><strong>immolaret.</strong></span> <span class='ocrx_word' id='word_1_604' title='bbox 1854 4899 1923 4952; x_wconf 87' lang='lat' dir='ltr'><strong>luter</strong></span> <span class='ocrx_word' id='word_1_605' title='bbox 1940 4903 1989 4963; x_wconf 75' lang='lat' dir='ltr'><strong>pet·</strong></span> 
     </span>
     <span class='ocr_line' id='line_1_96' title="bbox 1267 4981 1994 5065; baseline -0.025 -23"><span class='ocrx_word' id='word_1_606' title='bbox 1267 5006 1351 5044; x_wconf 85' lang='lat' dir='ltr'><strong>sonas</strong></span> <span class='ocrx_word' id='word_1_607' title='bbox 1374 5001 1476 5062; x_wconf 78' lang='lat' dir='ltr'><strong>praeter</strong></span> <span class='ocrx_word' id='word_1_608' title='bbox 1489 4987 1553 5045; x_wconf 86' lang='lat' dir='ltr'><strong>illos</strong></span> <span class='ocrx_word' id='word_1_609' title='bbox 1572 5007 1645 5065; x_wconf 87' lang='lat' dir='ltr'><strong>quos</strong></span> <span class='ocrx_word' id='word_1_610' title='bbox 1668 4987 1813 5045; x_wconf 79' lang='lat' dir='ltr'><strong>nominavi</strong></span> <span class='ocrx_word' id='word_1_611' title='bbox 1834 4981 1994 5061; x_wconf 81' lang='lat' dir='ltr'><strong>praconrset</strong></span> 
     </span>
     <span class='ocr_line' id='line_1_97' title="bbox 1267 5067 1991 5144; baseline -0.021 -12"><span class='ocrx_word' id='word_1_612' title='bbox 1267 5073 1413 5132; x_wconf 87' lang='lat' dir='ltr'><strong>Hecubam</strong></span> <span class='ocrx_word' id='word_1_613' title='bbox 1429 5076 1532 5144; x_wconf 82' lang='lat' dir='ltr'><strong>refert;</strong></span> <span class='ocrx_word' id='word_1_614' title='bbox 1549 5075 1669 5132; x_wconf 90' lang='lat' dir='ltr'><strong>chorum</strong></span> <span class='ocrx_word' id='word_1_615' title='bbox 1681 5087 1731 5132; x_wconf 88' lang='lat' dir='ltr'><strong>aut</strong></span> <span class='ocrx_word' id='word_1_616' title='bbox 1745 5095 1781 5130; x_wconf 83' lang='lat' dir='ltr'><strong>ex</strong></span> <span class='ocrx_word' id='word_1_617' title='bbox 1795 5067 1940 5132; x_wconf 80' lang='lat' dir='ltr'><strong>Troadibus</strong></span> <span class='ocrx_word' id='word_1_618' title='bbox 1953 5067 1991 5114; x_wconf 78' lang='lat' dir='ltr'><strong>aul</strong></span> 
     </span>
     <span class='ocr_line' id='line_1_98' title="bbox 1267 5155 1988 5238; baseline -0.019 -18"><span class='ocrx_word' id='word_1_619' title='bbox 1267 5161 1386 5220; x_wconf 79' lang='lat' dir='ltr'><strong>Achivis</strong></span> <span class='ocrx_word' id='word_1_620' title='bbox 1416 5163 1576 5220; x_wconf 83' lang='lat' dir='ltr'><strong>constitisse</strong></span> <span class='ocrx_word' id='word_1_621' title='bbox 1600 5165 1640 5220; x_wconf 89' lang='lat' dir='ltr'><strong>ait</strong></span> <span class='ocrx_word' id='word_1_622' title='bbox 1667 5181 1771 5238; x_wconf 86' lang='lat' dir='ltr'><strong>resque</strong></span> <span class='ocrx_word' id='word_1_623' title='bbox 1789 5181 1846 5218; x_wconf 85' lang='lat' dir='ltr'><strong>esse</strong></span> <span class='ocrx_word' id='word_1_624' title='bbox 1863 5169 1929 5214; x_wconf 84' lang='lat' dir='ltr'><strong>actas</strong></span> <span class='ocrx_word' id='word_1_625' title='bbox 1952 5155 1988 5200; x_wconf 71' lang='lat'><strong>³¹¹¹</strong></span> 
     </span>
     <span class='ocr_line' id='line_1_99' title="bbox 1267 5227 1987 5328; baseline -0.026 -20"><span class='ocrx_word' id='word_1_626' title='bbox 1267 5252 1296 5308; x_wconf 93' lang='lat' dir='ltr'><strong>in</strong></span> <span class='ocrx_word' id='word_1_627' title='bbox 1315 5251 1413 5326; x_wconf 89' lang='lat' dir='ltr'><strong>Sigeo,</strong></span> <span class='ocrx_word' id='word_1_628' title='bbox 1427 5249 1476 5308; x_wconf 82' lang='lat' dir='ltr'><strong>irbi</strong></span> <span class='ocrx_word' id='word_1_629' title='bbox 1490 5250 1672 5328; x_wconf 87' lang='lat' dir='ltr'><strong>sepulchrum</strong></span> <span class='ocrx_word' id='word_1_630' title='bbox 1687 5250 1804 5308; x_wconf 77' lang='lat' dir='ltr'><strong>Achillis</strong></span> <span class='ocrx_word' id='word_1_631' title='bbox 1818 5227 1987 5314; x_wconf 63' lang='lat' dir='ltr'><strong>strenuam-&#39;nl</strong></span> 
     </span>
    </p>
   </div>
   <div class='ocr_carea' id='block_1_14' title="bbox 467 5343 1909 5374">
    <p class='ocr_par' dir='ltr' id='par_1_14' title="bbox 467 5343 1909 5374">
     <span class='ocr_line' id='line_1_100' title="bbox 467 5343 1909 5374; baseline 0.008 -7"><span class='ocrx_word' id='word_1_632' title='bbox 467 5343 1909 5374; x_wconf 63' lang='lat' dir='ltr'><strong>s-—m---—-—-—-—-——-—————-—--·</strong></span> 
     </span>
    </p>
   </div>
   <div class='ocr_carea' id='block_1_15' title="bbox 1162 5420 1306 5470">
    <p class='ocr_par' dir='ltr' id='par_1_15' title="bbox 1162 5420 1306 5470">
     <span class='ocr_line' id='line_1_101' title="bbox 1162 5420 1306 5470; baseline -0.014 0"><span class='ocrx_word' id='word_1_633' title='bbox 1162 5421 1222 5470; x_wconf 85' lang='grc'>177.</span> <span class='ocrx_word' id='word_1_634' title='bbox 1248 5420 1306 5470; x_wconf 89' lang='grc'>178.</span> 
     </span>
    </p>
   </div>
   <div class='ocr_carea' id='block_1_16' title="bbox 619 5477 956 5553">
    <p class='ocr_par' dir='ltr' id='par_1_16' title="bbox 619 5477 956 5553">
     <span class='ocr_line' id='line_1_102' title="bbox 619 5477 956 5553; baseline 0.009 -20"><span class='ocrx_word' id='word_1_635' title='bbox 619 5481 650 5534; x_wconf 74' lang='grc' dir='ltr'><strong>Εῑ</strong></span> <span class='ocrx_word' id='word_1_636' title='bbox 662 5477 753 5533; x_wconf 86' lang='lat' dir='ltr'><strong>cincre</strong></span> <span class='ocrx_word' id='word_1_637' title='bbox 765 5494 819 5534; x_wconf 79' lang='lat' dir='ltr'><strong>nra</strong></span> <span class='ocrx_word' id='word_1_638' title='bbox 832 5491 956 5553; x_wconf 86' lang='lat' dir='ltr'><strong>correpto</strong></span> 
     </span>
    </p>
   </div>
   <div class='ocr_carea' id='block_1_17' title="bbox 1420 5483 1848 5556">
    <p class='ocr_par' dir='ltr' id='par_1_17' title="bbox 1420 5483 1848 5556">
     <span class='ocr_line' id='line_1_103' title="bbox 1420 5483 1848 5556; baseline -0.005 -18"><span class='ocrx_word' id='word_1_639' title='bbox 1420 5483 1505 5540; x_wconf 84' lang='lat' dir='ltr'><strong>elladi</strong></span> <span class='ocrx_word' id='word_1_640' title='bbox 1520 5499 1550 5542; x_wconf 88' lang='lat' dir='ltr'><strong>ex</strong></span> <span class='ocrx_word' id='word_1_641' title='bbox 1564 5499 1618 5541; x_wconf 91' lang='lat' dir='ltr'><strong>una</strong></span> <span class='ocrx_word' id='word_1_642' title='bbox 1633 5493 1727 5556; x_wconf 86' lang='lat' dir='ltr'><strong>patera</strong></span> <span class='ocrx_word' id='word_1_643' title='bbox 1740 5483 1848 5542; x_wconf 81' lang='lat' dir='ltr'><strong>iterum·</strong></span> 
     </span>
    </p>
   </div>
   <div class='ocr_carea' id='block_1_18' title="bbox 0 0 2297 6420">
    <p class='ocr_par' dir='ltr' id='par_1_18' title="bbox 0 0 2297 6420">
     <span class='ocr_line' id='line_1_104' title="bbox 0 0 2297 6420; baseline 0 0"><span class='ocrx_word' id='word_1_644' title='bbox 0 0 2297 6420; x_wconf 95' lang='lat' dir='ltr'><strong> </strong></span> 
     </span>
    </p>
   </div>
  </div>
 </body>
</html>
