4567 6425
847 703 1054 766 soefluctts
1074 704 1325 767 FRAGMENTA.

299 840 457 898 tentorium
479 844 710 916 Agamemnonis.
731 837 786 895 Alii
806 836 891 915 plane
917 834 1056 893 diversam

303 926 471 1005 tragediam
485 926 640 985 commenti
662 938 737 983 sunt.
757 930 867 982 Nomen
883 922 1059 1001 tragoediaea

301 1016 439 1093 primaria
458 1034 582 1092 persona
603 1034 639 1071 ex
662 1032 742 1070 more
762 1010 914 1089 Sophoclis
937 1010 1057 1087 petitum

300 1125 362 1163 esse
381 1124 488 1182 negare
504 1124 562 1161 uon
577 1116 646 1161 sunt
664 1103 725 1160 ausi
738 1123 746 1158 :
760 1122 819 1159 rent
835 1112 929 1159 tamen
949 1100 989 1156 ita
1003 1099 1060 1155 im·

301 1206 464 1259 mutarunt,
482 1203 514 1249 ut
535 1192 708 1266 Polyxenam
733 1190 761 1247 iu
784 1189 868 1247 initio
885 1189 1058 1245 immolatam

300 1292 387 1353 atque
399 1300 436 1338 ex
448 1300 481 1337 ea
495 1299 542 1350 re,
557 1299 622 1357 quse
635 1278 799 1336 auditurum
815 1277 925 1333 animos
937 1277 1059 1333 maxime

301 1380 441 1438 moueret,
457 1386 563 1424 nomeu
575 1364 718 1444 tragoediae
730 1364 827 1423 datum
841 1384 903 1421 esse
915 1361 1059 1434 dicerent;

302 1458 478 1534 praecipuum
498 1468 697 1534 argumentum
720 1455 880 1512 constitisse
898 1454 928 1511 in
950 1452 1058 1511 descri-

301 1544 397 1600 benda
416 1544 637 1621 Agamemnonis
654 1542 818 1600 conditione
837 1554 900 1614 pust
913 1538 1056 1597 excidium

301 1632 398 1707 Trojae
411 1631 441 1688 in
452 1632 552 1689 castris
566 1636 751 1700 Graecorum,
768 1627 871 1685 deinde
887 1628 917 1684 in
931 1625 993 1701 ejus
1013 1644 1060 1680 re·

301 1720 365 1776 ditu
377 1738 469 1795 eaque
480 1731 573 1789 sorte,
586 1738 650 1794 (puae
662 1718 688 1773 ci
702 1717 731 1774 in
746 1717 868 1794 patriam
883 1732 1000 1772 reuerso
1010 1712 1060 1770 ob

302 1819 423 1863 uentura
447 1818 530 1865 esset.
556 1805 785 1863 Immolutionem
818 1803 971 1879 Polyaeuae
1001 1820 1059 1858 nou

301 1895 391 1951 luisse
403 1894 574 1970 postulatam
585 1892 623 1949 ab
637 1891 765 1965 Achille,
780 1890 920 1949 sedilium
937 1888 1060 1947 occisam

300 2002 379 2051 esse,
395 1993 427 2037 ut
441 1981 565 2038 uictores
586 1980 712 2057 victique
731 1979 788 2036 boc
802 1978 942 2036 sacrilicio
960 1976 1060 2034 odium

301 2065 483 2143 deponerent
491 2065 813 2142 reconciliarenturque.
826 2064 913 2137 Quod
920 2064 989 2121 dum
999 2082 1063 2140 per·

299 2168 453 2231 ageretur,
466 2155 558 2211 rixam
569 2154 646 2211 iuter
658 2152 760 2211 lratres
777 2166 905 2211 exortam
917 2164 947 2209 et
958 2156 1061 2208 Mene-

301 2244 381 2299 laum
392 2242 519 2300 uoluisse
525 2241 619 2299 redire
624 2254 725 2299 contra
731 2241 907 2298 uoluntatem
914 2240 1060 2298 Mineruae.

302 2334 396 2399 Quem
411 2344 442 2388 ut
454 2350 471 2387 a
482 2342 654 2407 praematuro
668 2328 763 2386 reditu
781 2329 809 2386 in
822 2328 944 2405 patriam
957 2327 1062 2384 retine

300 2430 365 2485 ret,
388 2416 529 2474 Achillem
550 2416 716 2493 apparuisse
742 2417 827 2492 eique
853 2428 886 2471 ιιι
908 2414 968 2471 deae
993 2414 1061 2471 satis

300 2506 383 2561 steret
402 2504 585 2582 persuasisse.
604 2510 647 2561 lta
666 2504 818 2579 Polyxena
836 2500 1060 2560 immolationem

300 2592 486 2670 apparitione
498 2591 644 2658 simulacri
656 2603 845 2669 preparatam
860 2610 921 2647 esse
932 2588 1062 2647 reconci-

302 2678 508 2757 liationemque
521 2679 646 2737 hostium
660 2691 811 2736 ostensam.

342 2772 416 2838 Quae
439 2786 610 2844 quamquam
633 2766 778 2824 subtiliter
798 2765 960 2841 excogitata
982 2774 1062 2832 sunt,

300 2866 400 2911 tamen
416 2854 595 2931 antiquitatis
607 2854 749 2912 memoria
762 2872 878 2930 prorsus
890 2860 1063 2929 repugnant,

300 2958 398 3017 neque
429 2940 566 2999 credibile
586 2953 629 2999 est
654 2940 822 3020 Euripidem
843 2958 905 2998 esse
930 2950 1061 2996 secutum

300 3049 368 3106 quae
382 3030 411 3085 in
431 3030 535 3109 vrrlgus
555 3043 624 3088 nota
643 3043 750 3100 essent,
767 3029 940 3106 Sophoclem
962 3026 1062 3084 eadem

300 3116 480 3191 repudiasse.
492 3118 591 3194 Neque
602 3137 673 3175 uero
692 3136 756 3193 quae
775 3117 942 3174 Welckerus
954 3112 1062 3185 docuit,

299 3219 387 3262 extra
408 3225 523 3263 omnem
537 3204 749 3263 dubitationem
766 3204 860 3283 posita
878 3215 958 3273 suut3
978 3200 1063 3260 nimis

301 3293 395 3349 rnrrlta
413 3293 507 3365 enim,
521 3313 587 3370 quae
605 3293 641 3351 ad
663 3293 837 3367 Polyxenam
855 3292 950 3350 minus
971 3289 1062 3369 perti-

300 3394 384 3452 nent,
396 3392 566 3457 argumento
586 3380 748 3438 immiscuit.
768 3383 869 3457 Neque
886 3377 1063 3454 intelligitur,

300 3489 356 3526 cur
367 3470 525 3540 Menelaus,
538 3471 589 3548 qni
602 3469 699 3528 statim
709 3469 824 3539 abierit,
840 3469 916 3526 inter
928 3485 1064 3547 personas

300 3559 411 3614 relatus
432 3557 487 3633 sit,
503 3577 597 3634 neque
610 3559 679 3615 satis
691 3557 857 3634 exponitur,
876 3575 930 3612 cur
948 3553 1064 3613 simula-

299 3663 387 3700 crum
403 3644 520 3702 Acbillis
538 3645 713 3722 apparuerit.
736 3644 868 3720 Denique
887 3663 945 3700 non
961 3642 1065 3720 proba·

301 3732 362 3790 bile
385 3743 429 3788 est
451 3738 692 3808 Agamemnonem
712 3751 766 3808 per
786 3729 1005 3807 Neoptolemum
1026 3727 1062 3785 ad

300 3818 509 3877 immolandam
537 3819 679 3896 sirg'nem
708 3819 890 3894 compulsum
911 3836 991 3894 esse,
1013 3816 1064 3893 qui

301 3927 354 3984 per
364 3906 507 3966 Achillem
519 3907 613 3983 ipsum
628 3927 686 3966 nou
700 3909 739 3964 sit
749 3919 905 3984 permotus.

339 3999 466 4071 Magnus
485 3993 714 4070 conjecturarum
737 4014 866 4071 campus,
888 3992 994 4070 quibus
1015 4013 1064 4050 an·

300 4101 371 4158 seps
410 4093 454 4138 est
486 4099 591 4138 novam
624 4081 741 4139 addere.
771 4079 938 4138 Distributis
968 4091 1063 4137 tamen

300 4167 426 4245 captivis
439 4189 530 4246 quum
544 4189 643 4226 omnes
660 4171 721 4228 lere
736 4170 766 4227 in
783 4168 907 4245 patriam
924 4165 1062 4240 redirent,

302 4263 483 4333 Agamemno
505 4257 595 4314 malis·
617 4254 762 4314 ominibus
795 4255 912 4312 territus
948 4253 1064 4312 videtur

304 4343 486 4418 remansisse,
498 4356 540 4414 ut,
555 4344 587 4401 id
601 4343 680 4422 qnod
694 4343 813 4401 decebat
825 4342 941 4414 ducem,
955 4354 983 4399 et
995 4341 1064 4398 deos

303 4433 434 4507 placaret
444 4445 473 4489 et
485 4433 612 4489 omniurn
625 4431 708 4489 saluti
728 4431 898 4489 consuleret.
910 4433 977 4500 Quo
989 4428 1063 4487 lacto

303 4538 380 4576 tirius
398 4537 503 4596 expers
526 4519 643 4577 honoris
666 4518 721 4576 luit
740 4518 838 4595 isque,
856 4514 912 4592 'qui
936 4517 1063 4573 omnium

304 4607 477 4664 fortissimus
496 4607 703 4684 Agamemnoni
721 4624 835 4682 semper
855 4615 917 4662 crat
935 4603 1065 4661 adversa·

306 4707 361 4753 tus.
385 4699 441 4752 Hic
461 4713 541 4750 suam
563 4710 673 4772 partem
696 4693 802 4773 praedae
824 4693 959 4770 postulat,
978 4712 1063 4768 quam

304 4782 346 4838 illi
370 4781 506 4860 denegari
529 4781 570 4838 las
592 4803 649 4840 non
673 4782 736 4840 luit.
756 4787 819 4839 Nou
846 4793 941 4838 autem
966 4799 1065 4838 servos

305 4881 387 4926 tanto
407 4870 470 4926 viro
489 4869 631 4927 immolari
650 4871 738 4929 licuit.
757 4867 966 4927 Pretiosissima
986 4887 1065 4944 quae-

304 4975 361 5032 que
373 4967 521 5034 petuntur.
535 4960 580 5015 lta
598 4957 642 5015 illi
659 4956 826 5014 immolatur
844 4955 999 5031 Polyxena,
1023 4955 1065 5012 nl-

376 5247 484 5320 Jupiter
495 5245 616 5302 reditum
629 5182 764 5318 ddlqiirta
777 5245 906 5311 victoria,

373 5341 430 5398 equo
442 5341 572 5383 arumna}
583 5322 713 5380 desinunt
724 5323 893 5380 Atridarum.

517 5413 796 5551 Quamvislliisidens
809 5475 944 5533 sententia

1807 699 1871 775 ato'

1112 836 1181 893 tima
1192 836 1317 908 victima,
1329 837 1567 915 quemadmodum
1578 838 1726 918 iphigenia
1736 862 1863 902 onmium

1112 924 1204 998 prima
1234 924 1298 983 luit.
1319 924 1451 985 Reditum
1478 935 1650 1004 Agamemno
1675 929 1730 987 sibi
1753 950 1866 1008 parasse

1113 1022 1205 1087 putat,
1219 1025 1248 1068 at
1268 1011 1328 1071 abit
1344 1013 1419 1071 iuter
1434 1014 1548 1073 sinistra
1569 1015 1675 1089 nmina,
1686 1038 1750 1094 quae
1764 1019 1818 1096 ipsi
1837 1019 1865 1077 iu

1112 1112 1231 1176 patriam
1245 1119 1361 1158 reverso
1376 1116 1512 1161 ereatura
1523 1104 1587 1161 siut.

1152 1190 1252 1265 Neque
1275 1208 1344 1245 vero
1366 1188 1489 1247 dixerim
1510 1211 1573 1269 quae
1595 1212 1723 1269 personae
1751 1194 1865 1255 luerint.

1114 1280 1357 1351 Agamemnonem
1370 1290 1398 1333 et
1416 1280 1576 1335 Menelaum
1595 1300 1647 1355 pro
1659 1293 1738 1338 certo
1749 1281 1867 1351 habeas;

1113 1362 1232 1421 lortasse
1252 1366 1458 1441 Neoptolemus
1477 1365 1640 1443 adluit‚qui
1659 1369 1785 1425 omnium
1804 1390 1867 1427 ma-

1112 1449 1189 1508 xime
1205 1450 1345 1527 virginem
1358 1452 1559 1511 immolandam
1579 1453 1742 1531 postulavit.
1758 1458 1868 1530 Quibus

1114 1556 1274 1614 preconem
1297 1537 1403 1596 addere
1422 1540 1497 1597 licet.
1521 1541 1647 1617 Reliquae
1670 1543 1783 1600 incertae
1802 1560 1870 1604 sunt

1113 1644 1243 1703 persouae
1270 1646 1363 1702 neque
1389 1627 1545 1705 quidquam
1572 1629 1608 1686 de
1637 1632 1697 1707 ipsa
1725 1631 1867 1707 Polyxena

1113 1726 1292 1791 compertum
1306 1712 1454 1773 habemus.
1465 1718 1569 1777 Omnia
1584 1730 1647 1775 acta
1658 1719 1687 1776 iu
1704 1720 1788 1794 Sigeo
1803 1740 1869 1797 pro-

1113 1802 1259 1859 montorio
1271 1802 1439 1861 crediderim
1451 1824 1487 1863 cx
1503 1806 1548 1878 iis,
1564 1826 1626 1883 qpae
1639 1826 1725 1885 supra
1738 1828 1774 1865 ex
1788 1808 1869 1867 lou-

1113 1908 1181 1965 grno
1191 1902 1348 1952 citavimus.

1154 1983 1225 2050 Quae
1257 1979 1443 2053 exposuimus
1470 1981 1494 2038 si
1521 1980 1558 2039 ad
1584 2001 1685 2039 verum
1716 1980 1869 2053 accedunt,

1114 2063 1273 2142 fragmenta
1292 2065 1373 2125 heile
1393 2065 1531 2145 explicari
1547 2082 1676 2146 possunt.
1691 2074 1758 2127 Post
1773 2070 1870 2146 prolu-

1113 2172 1181 2229 gum
1196 2153 1490 2213 chorusAchisorum
1501 2155 1680 2215 introductus
1693 2168 1737 2215 est
1748 2168 1824 2215 totus
1840 2157 1870 2214 iu

1114 2240 1208 2298 reditu
1229 2254 1394 2318 occupatus.
1414 2246 1489 2301 Huic
1512 2264 1549 2301 ex
1567 2244 1686 2303 incertis
1708 2243 1870 2321 fragmentis

1114 2325 1203 2383 tribui
1238 2340 1332 2405 potest
1355 2329 1434 2405 quod
1455 2344 1498 2387 est
1517 2329 1593 2407 apud
1616 2329 1703 2388 schol.
1724 2330 1869 2407 Aristoplt.

1114 2414 1193 2475 Nub.
1206 2435 1232 2471 v.
1247 2420 1319 2473 rrb'a
1330 2430 1359 2475 ct
1375 2417 1454 2475 Suid.
1466 2438 1491 2475 v.
1504 2416 1655 2483 Aurariae:
1671 2416 1803 2483 Λυσανίας
1815 2440 1871 2475 πα-

1113 2498 1204 2583 τρῴων
1221 2502 1341 2583 psychom
1355 2506 1460 2561 κακῶν·
1475 2504 1543 2563 λύων
1563 2504 1610 2572 τὰς
1622 2508 1668 2565 τοῦ
1681 2504 1778 2585 πατρὸς
1798 2504 1871 2571 ἀνίας

1156 2588 1209 2649 Th
1222 2589 1358 2672 Σοφοκλέα
1371 2590 1522 2672 μυκτηρίζει
1534 2590 1657 2670 λέγοντα·

1114 2760 1197 2841 [tea]
1224 2763 1295 2839 Ζεὺς
1307 2763 1414 2831 νόστον
1431 2762 1500 2857 ιῖγσι
1516 2767 1567 2831 τὸν
1583 2764 1748 2857 νικοριᾶχαν

1225 2874 1275 2941 itai
1288 2876 1453 2967 παυσανίαν
1469 2878 1521 2943 τὸν
1539 2866 1703 2970 Ᾰτρειδῶν.

1115 3051 1259 3111 Scribitur
1274 3052 1319 3111 καὶ
1334 3052 1469 3133 -Ἄτρειδῶν
1484 3054 1529 3113 vel
1541 3052 1681 3135 Ἄτρείδαν.
1692 3058 1877 3117 lieruiu'unus

1114 3141 1249 3198 correxit.
1261 3140 1402 3218 Bentlejus
1413 3142 1474 3200 κατ’
1486 3141 1630 3225 Ἀτρειδῶν,
1641 3148 1716 3203 Τιιιιι
1729 3146 1872 3204 Menelaus

1116 3228 1447 3302 intervenissevidetur,
1462 3243 1493 3288 ut
1508 3237 1752 3310 Agamemnonem
1771 3233 1808 3292 ud
1828 3255 1874 3292 re-

1116 3315 1210 3374 ditum
1222 3333 1409 3394 permoveret.
1422 3319 1493 3377 lude
1506 3334 1570 3378 orta
1581 3321 1658 3378 inter
1677 3321 1756 3399 ipsos
1770 3321 1873 3401 dispu-

1118 3403 1201 3477 tatio,
1220 3404 1301 3482 cujus
1326 3405 1457 3465 meminit
1479 3409 1629 3466 Homerus.
1648 3413 1712 3468 Huc
1725 3409 1873 3468 reserenda

1116 3504 1183 3549 sunt
1197 3511 1234 3549 ex
1245 3492 1361 3551 incertis
1377 3494 1541 3570 fragmentis
1559 3495 1637 3573 apud
1658 3497 1731 3556 Plut.
1747 3501 1823 3555 Mor.
1843 3517 1872 3574 p.

1116 3581 1187 3654 985,
1204 3585 1226 3640 C
1238 3599 1245 3636 ι
1257 3579 1336 3640 ’titt
1350 3586 1414 3658 ἡμῖν
1428 3605 1457 3660 γε
1467 3581 1549 3642 πάλαι
1560 3583 1592 3642 τὸ
1603 3589 1648 3642 τοῦ
1660 3583 1821 3665 Σοροιιλίονς
1835 3583 1871 3640 δι·

1116 3665 1241 3744 ὄογμίνον
1259 3667 1346 3726 dcclv·

1222 3825 1303 3904 [184]
1355 3819 1399 3887 Εὖ
1410 3819 1467 3914 γὰρ
1484 3820 1536 3888 οιαὶ
1551 3813 1740 3912 διχοστατῶν
1756 3824 1847 3916 λόγος

1207 3937 1359 4028 σύγκολλα
1375 3935 1505 4027 τάμφοῖν
1522 3939 1550 4013 ἐς
1567 3937 1656 4026 μέσον
1672 3933 1872 4004 τεκταίνεται.

1116 4100 1152 4154 Et
1165 4095 1241 4174 apud
1256 4094 1378 4155 eundern
1392 4095 1576 4154 Plutarchum
1588 4113 1617 4172 p.
1628 4095 1696 4162 usu,
1711 4099 1733 4153 P
1746 4115 1754 4150 ι
1771 4087 1866 4154 'Alii'

1115 4263 1198 4342 [tta]
1223 4261 1321 4326 Δεινὸν
1338 4259 1374 4326 τὸ
1387 4263 1441 4336 τοῖς
1459 4255 1582 4334 Πειθοῦς
1600 4257 1772 4348 πρόσωπον.

1116 4433 1185 4488 Haec
1201 4427 1296 4506 potius
1310 4427 1401 4484 choro
1416 4424 1575 4485 tribuerim.
1589 4429 1663 4484 Sunt
1674 4437 1768 4482 tamen
1778 4425 1874 4483 omnia

1116 4518 1234 4574 incerta.
1254 4514 1366 4574 Certius
1384 4526 1428 4572 est
1450 4512 1639 4591 lragmentum
1661 4511 1737 4590 apud
1757 4511 1873 4572 Strabo·

1117 4625 1182 4662 nem
1199 4607 1246 4676 X,
1261 4625 1290 4682 p.
1307 4591 1600 4681 721(r,7o):‘08’0iv
1615 4599 1874 4684 Σοροαλῆςτοιήσατ

1117 4693 1160 4752 τὸν
1182 4691 1316 4752 Μενέλαον
1336 4693 1367 4750 εἰι
1381 4695 1427 4762 τῆς
1438 4689 1535 4772 Τροίας
1557 4689 1676 4772 ἀπαίρειν
1688 4687 1831 4747 σπεύδοντα
1845 4688 1872 4745 lv

1116 4785 1150 4860 τῇ
1160 4779 1304 4859 Πῡλυὶίνῃ,
1313 4777 1357 4838 τὸν
1367 4779 1389 4837 δ’
1396 4777 1576 4857 Ἀγαμίμνονα
1586 4776 1678 4858 μικρὸν
1689 4777 1872 4856 ὑπολειφθῆναι

1119 4867 1276 4946 βουλόμενον
1288 4873 1334 4926 τοῦ
1348 4865 1515 4935 ίξιλιίσασθαι
1531 4866 1579 4936 τὴν
1594 4865 1703 4938 Ἀθηνᾶν
1714 4866 1804 4944 χάριν,
1822 4865 1872 4923 siu·

1118 4957 1176 5029 ἄγει
1187 4954 1296 5036 λίγοντα
1305 4955 1349 5016 τδν
1363 4954 1497 5015 Manlium

1187 5173 1268 5232 lacile
1279 5175 1438 5232 concilietur
1450 5171 1538 5230 media
1553 5172 1575 5229 si
1588 5171 1691 5246 paueat
1704 5170 1756 5228 via.

1465 5323 1524 5374 185.

1291 5466 1389 5526 Gravis
1401 5463 1525 5524 Suadela
1540 5463 1632 5522 iacies.
