4567 6425
422 644 483 699 m
980 638 1156 701 AESCHYLI
1176 637 1425 703 minuerent.

456 772 494 829 Et
508 768 658 845 AEschylus
678 770 779 829 multas
799 769 914 847 scripsit
933 770 1098 848 tragoedias,
1115 792 1179 849 qnae
1227 774 1351 833 vissimis
1361 774 1431 833 diris
1444 772 1574 845 devovit,
1588 784 1780 853 precatusque
1791 786 1848 845 est,
1860 786 1894 833 nt
1904 775 1927 833 si
1939 794 1978 833 un

417 856 760 916 resThebisnobilitatas
774 857 934 916 fabularum
947 860 1083 919 memoria
1097 861 1180 918 attin·
1224 882 1310 938 quam
1331 863 1421 920 filiurn
1444 863 1492 921 ille
1513 881 1548 919 ex
1570 880 1600 919 se
1621 863 1778 938 genuisset,
1798 865 1861 941 ipse
1883 859 1978 922 abhoc
2064 909 2065 934 ,

415 941 538 1021 gebant3
553 963 726 1021 quamquam
745 966 802 1005 non
820 947 902 1023 plane
917 960 995 1005 certo
1010 946 1096 1005 hodie
1114 968 1181 1006 con·
1224 949 1297 1022 lilio,
1311 951 1360 1026 qui
1375 963 1459 1008 natus
1470 962 1559 1021 esset,
1574 949 1763 1009 occideretur.
1776 958 1819 1008 Ac
1832 951 1918 1008 Laius
1929 952 1979 1028 qni

416 1042 488 1100 stat,
515 1050 551 1089 an
576 1034 672 1091 omnia
694 1054 729 1091 eo
750 1054 812 1111 quae
835 1036 923 1091 relata
947 1048 1029 1107 sunt,
1045 1034 1111 1111 jure
1123 1037 1181 1093 sint
1225 1036 1290 1094 dem
1306 1043 1419 1095 Iocasta
1430 1038 1461 1095 in
1476 1036 1691 1095 matrimonium
1705 1035 1791 1094 ducta
1802 1036 1851 1093 din
1866 1036 1978 1094 initsine

416 1117 573 1177 reserenda.
588 1122 754 1179 Welclterus
766 1122 882 1198 quidem
899 1135 954 1180 tres
967 1122 1095 1199 trilogias
1109 1144 1181 1181 con·
1225 1125 1336 1196 liberis;
1355 1146 1425 1183 mox
1447 1146 1518 1183 vero
1541 1123 1698 1182 orbitatem
1720 1124 1822 1183 dolens
1840 1126 1978 1182 oraculum

416 1205 507 1263 stituit
529 1227 564 1265 ex
585 1208 749 1285 tragoediis,
773 1229 836 1285 quae
861 1230 956 1267 rerum
977 1211 1179 1269 Thebannrnm
1224 1212 1656 1290 consuluit,quomodoliberos
1665 1213 1789 1270 nancisci
1801 1223 1905 1289 posset.
1915 1217 1979 1270 Ora-
2064 1223 2065 1258 ἓ

418 1293 567 1353 historiam
604 1298 761 1373 complexae
792 1311 872 1369 sunt,
902 1299 1080 1375 primamque
1114 1300 1181 1358 lecit
1225 1303 1320 1358 culum
1340 1301 1430 1358 adea
1452 1320 1514 1377 que
1533 1301 1664 1378 quesivit
1687 1299 1978 1377 nonrespondit‚sed
2064 1311 2065 1328 ¹

417 1386 534 1455 Leunu,
547 1385 714 1460 Sphingem,
729 1388 885 1461 OEdr'pmu,
903 1386 930 1442 iu
944 1406 1002 1464 quo
1014 1400 1128 1445 secutus
1137 1401 1181 1445 cst
1225 1401 1334 1447 tantum
1348 1388 1496 1446 admonuit
1508 1400 1587 1457 eum',
1601 1400 1635 1445 ut
1647 1408 1683 1446 ne
1694 1389 1779 1446 vellet
1792 1409 1828 1445 ex
1841 1408 1872 1446 se
1883 1386 1979 1445 liberos
2064 1407 2065 1430 i

414 1470 586 1542 Stanleinru,
602 1474 651 1549 qni
668 1472 742 1530 idem
758 1472 826 1529 olim
840 1474 870 1531 in
885 1474 1105 1544 commentario,
1122 1495 1180 1551 qno
1225 1496 1392 1553 procreare3
1412 1476 1526 1552 quodsi
1551 1476 1678 1549 lecisset,
1699 1476 1761 1533 iore
1781 1487 1813 1531 ut
1825 1474 1862 1532 ab
1874 1474 1919 1533 his
1930 1476 1979 1531 sita

414 1560 546 1635 exiguam
564 1560 773 1618 Eleusiniorum
786 1560 887 1619 lamam
904 1562 1070 1639 explicavit,
1081 1582 1181 1637 conje-

414 1659 507 1717 cerat3
530 1650 648 1706 alteram
671 1670 706 1706 ex
729 1653 846 1719 Neruca,
869 1652 979 1725 Septem
1005 1654 1046 1707 ed
1060 1650 1177 1720 Thebes,

413 1736 564 1793 Pdoenisris
578 1738 766 1815 compositam
786 1739 910 1815 putarit;
929 1739 1041 1796 tertiam
1070 1742 1180 1795 Eleusi-

413 1829 482 1891 m‘os,
500 1828 625 1901 Argivos,
652 1828 790 1901 Epr'guuos
810 1826 985 1883 continuisse
999 1826 1079 1883 dixit.
1097 1830 1179 1884 Post·

413 1932 447 1969 ea
473 1932 541 1969 vero
567 1914 679 1971 refinxit
705 1914 777 1971 hanc
803 1914 1181 1991 trilog'arumeompositio-

415 2018 498 2072 nem,
512 2002 728 2078 Eleusiniosque
738 2003 854 2059 alterins
866 2002 985 2078 trilogiae
997 2014 1180 2079 postremam,

414 2088 561 2163 Epigonos
583 2090 705 2165 primam
727 2089 816 2146 tertiae
832 2090 912 2161 lecit,
935 2091 1077 2167 tertioque
1095 2090 1181 2166 hujus

416 2175 537 2250 trilogiae
557 2176 622 2231 loco
638 2175 796 2232 Phoenissae
820 2176 983 2253 assignavit.
1001 2178 1106 2235 Merito
1127 2198 1180 2234 au-

416 2274 473 2319 tem
496 2262 538 2319 his
552 2262 811 2339 compositionibus
826 2283 884 2321 non
901 2266 1020 2321 multum
1037 2266 1102 2324 lidei
1124 2267 1179 2323 tri-

414 2348 525 2419 buitur,
542 2349 569 2406 in
586 2348 691 2425 quibus
711 2362 788 2408 tanta
803 2350 972 2428 ambiguitas
987 2366 1030 2410 est
1047 2366 1075 2410 et
1091 2353 1178 2410 dubi-

416 2438 503 2507 tatio,
519 2450 551 2493 ut
572 2456 608 2495 ne
632 2438 679 2495 illa
701 2436 817 2513 quidem
841 2452 917 2496 certa
933 2442 1003 2513 sint,
1026 2440 1180 2518 exquibus

415 2524 593 2600 conjecturas
606 2527 776 2603 repetimus3
786 2548 879 2605 neque
891 2528 981 2587 secuti
994 2542 1059 2587 sunt
1071 2550 1180 2597 omnes,

309 2662 314 2669 .
333 2668 338 2681 ,
414 2612 466 2689 qni
480 2624 546 2689 post
558 2613 739 2671 Welclrerum
756 2616 884 2692 trilogias
898 2635 1072 2695 componere
1085 2630 1180 2675 tenta·

414 2712 528 2759 verunt.
544 2706 725 2759 Hermannus
735 2706 867 2780 proxime
878 2725 976 2763 verum
988 2708 1122 2763 accedere
1131 2728 1181 2763 eos

417 2800 513 2865 putat,
527 2790 577 2866 qui
590 2790 673 2848 unius·
684 2791 803 2867 trilogiae
816 2806 1015 2869 argumentum
1030 2796 1058 2851 in
1073 2794 1179 2872 OEdipi

416 2874 502 2935 rebus
520 2878 698 2948 constitisse,
718 2878 755 2936 de
773 2878 886 2938 duabus
905 2882 967 2938 aliis
990 2902 1074 2938 unam
1096 2884 1182 2959 primi

416 2962 483 3022 belli
498 2964 647 3038 Thebani,
669 2968 787 3025 alteram
809 2969 1007 3045 Epigonornnn
1023 2990 1067 3027 res
1090 2984 1182 3046 gestas

415 3054 593 3131 complexam
605 3067 731 3112 censent.

455 3146 512 3199 nes
523 3139 630 3199 Thebis
640 3155 722 3219 gestae
734 3144 801 3199 satis·
812 3156 888 3201 notae
897 3157 971 3201 sunt.
983 3146 1075 3203 Facile
1088 3159 1181 3203 tamen

415 3243 460 3288 est
481 3243 632 3308 perspectu
654 3231 794 3309 triplicem
811 3252 845 3288 ex
862 3235 1002 3291 vaticiniis
1019 3256 1119 3292 nexant
1136 3257 1182 3291 se-

417 3319 488 3376 riem
502 3337 596 3376 rerum
604 3319 639 3376 iis
651 3319 810 3391 contineri,
824 3341 945 3397 quarum
958 3322 1048 3400 prima
1059 3324 1113 3381 suit
1125 3324 1182 3395 illa,

417 3425 481 3484 ane
492 3419 536 3464 est
549 3407 577 3463 in
592 3403 678 3463 rebus
688 3407 796 3483 OEdipi
808 3406 927 3487 ejusque
942 3410 1025 3484 sertis,
1040 3412 1056 3468 i.
1070 3432 1094 3468 e.
1110 3412 1183 3470 crede

417 3495 526 3571 patris,
540 3493 724 3571 adipiscendo
734 3497 870 3574 imperio,
884 3499 1042 3575 ultimaque
1056 3501 1182 3571 fortuna,

417 3602 503 3658 (poam
523 3581 630 3654 Thebis
646 3595 689 3640 est
710 3597 862 3662 expertus,
880 3600 1020 3663 oectrpata
1042 3589 1093 3662 (sic
1106 3590 1182 3646 enim

417 3668 482 3726 data
499 3675 508 3725 Ι
512 3670 566 3727 aio
580 3671 696 3728 oracula
709 3671 955 3749 complebantur),
969 3675 1056 3732 altera
1070 3674 1183 3734 Theba·

418 3776 522 3814 norum
535 3758 690 3815 certamina
710 3779 776 3816 cum
790 3766 908 3837 Septem
921 3760 1056 3820 adversus
1069 3763 1184 3822 Thebas

417 3843 492 3903 dirce
517 3845 652 3922 Polynice
683 3847 833 3923 prosectis,
849 3849 1012 3927 horumque
1036 3852 1183 3909 interitum

418 3933 639 4011 comprehendit
657 3935 725 4012 (haec
739 3935 847 4014 OEdipi
862 3937 907 3994 vel
918 3939 1003 3995 etiam
1015 3939 1183 4017 Amphiarai

418 4021 541 4079 oraculis
554 4021 629 4079 edita
640 4025 749 4099 erant);
763 4025 844 4082 tertia
856 4026 1051 4103 Epigonornm
1065 4028 1119 4084 latu
1133 4047 1185 4105 pa-

419 4109 490 4166 riter
505 4110 630 4168 oraculis
645 4110 800 4187 destinata,
815 4131 873 4189 quo
889 4114 929 4170 illi
951 4126 1080 4192 tempore
1094 4116 1184 4173 ultio-

419 4217 484 4256 nem
502 4198 644 4276 snmpturi
664 4199 775 4258 Thebas
796 4202 915 4278 proiecti
930 4216 1010 4269 sunt,
1032 4205 1183 4263 continuit.

420 4291 490 4359 Quas
506 4305 679 4364 quamquam
692 4290 760 4346 satis
781 4291 931 4368 perspicua
946 4305 1027 4366 sunt,
1044 4305 1136 4350 tamen
1155 4292 1184 4351 in

420 4373 563 4452 tragoediis
577 4375 647 4453 ipsis
656 4376 811 4435 referendis
823 4381 947 4438 maxima
962 4380 1113 4439 difficultas
1125 4401 1186 4439 ver·

420 4475 509 4534 satur,
522 4475 555 4520 ut
569 4464 658 4522 satius
669 4485 731 4522 esse
743 4485 907 4525 censeamus
919 4469 1045 4544 singulus
1059 4489 1186 4548 quasque

421 4549 469 4609 hic
483 4563 612 4630 repetere
624 4572 676 4610 nec
688 4554 825 4630 copulare
841 4557 993 4634 tragoedias
1007 4557 1185 4636 trilogiarnm

421 4659 507 4698 nexu.

764 4735 874 4755 ⁴0.-

744 4799 862 4860 thUS.

461 4907 556 4968 Prima
566 4910 695 4969 omnium
707 4913 807 4988 procnl
818 4913 908 4972 dubio
921 4914 1006 4972 Laius
1020 4915 1072 4973 luit
1085 4928 1187 4994 tragur-

419 4997 485 5071 dia,
499 5015 563 5074 quse
573 5015 609 5054 ex
621 4999 738 5058 nomine
746 5002 813 5060 satis
824 5001 991 5080 intelligitur
1010 5003 1080 5080 qnid
1092 5006 1187 5063 conti·

422 5085 529 5144 nuerit.
540 5084 640 5160 Laius,
654 5084 778 5145 Labdaci
792 5089 880 5160 lilius,
901 5109 950 5147 rex
969 5089 1187 5163 Thebanorum,

422 5171 606 5249 Chrysippo,
620 5173 733 5251 Pelopis
746 5175 819 5250 filio,
833 5195 924 5256 puero
934 5177 1137 5255 pulcherrimo,
1151 5178 1187 5235 ad

424 5273 538 5338 turpem
559 5257 707 5318 libidinem
728 5260 834 5322 abusus
851 5279 921 5323 crat.
941 5271 1006 5337 Qno
1020 5265 1094 5324 lacto
1106 5277 1189 5344 pater

423 5345 529 5427 injuria
542 5344 594 5404 lilii
606 5347 792 5408 exacerbatus
812 5365 842 5410 et
859 5353 900 5411 rei
919 5353 1086 5432 indignitate
1099 5353 1186 5412 abre-

424 5449 509 5521 ptus,
522 5433 624 5494 Laium
644 5434 685 5496 ob
698 5449 808 5498 tantum
821 5441 931 5499 facinus
946 5455 1109 5501 exsecratus
1121 5461 1188 5520 gra-

1225 1565 1397 1641 privaretnr.
1410 1571 1477 1637 Quo
1488 1584 1628 1641 responso
1644 1563 1760 1622 territus
1773 1562 1823 1621 diu
1836 1562 1979 1640 obtempe-

1225 1653 1298 1710 ravit
1309 1654 1442 1720 oraculo;
1455 1664 1602 1729 postremo
1613 1665 1708 1709 autem
1729 1650 1767 1709 ab
1781 1650 1896 1725 amicis,
1905 1652 1979 1720 vino,

1224 1738 1342 1797 libidine
1363 1739 1473 1796 illectus
1495 1740 1584 1796 hlium
1599 1739 1713 1815 geuuit;
1728 1736 1778 1795 sed
1793 1749 1826 1793 ut
1841 1737 1978 1795 oractdum

1223 1839 1416 1884 anteverteret
1436 1827 1603 1903 salvumque
1614 1846 1645 1882 se
1661 1838 1760 1903 posset
1772 1836 1918 1902 praestare,
1938 1844 1979 1881 re·
2064 1895 2065 1898 Ἴ

1223 1934 1291 1973 cens
1305 1927 1405 1972 natum
1425 1933 1548 1992 puerum
1568 1914 1677 1991 pastori
1692 1910 1789 1981 dedit,
1802 1912 1853 1988 qui
1869 1932 1933 1970 erun
1946 1932 1976 1969 ex
2064 1971 2065 1992 ρ

1224 2003 1301 2078 regia
1324 2002 1449 2060 ablatum
1471 2002 1499 2057 io
1523 2001 1716 2057 Cithaerooem
1735 2011 1863 2057 montem
1886 1999 1980 2067 ferret,

1223 2089 1323 2166 ibique
1337 2090 1405 2147 ieris
1425 2088 1625 2146 devorandum
1647 2097 1814 2165 exponeret.
1839 2091 1883 2144 lta
1902 2087 1979 2145 Laius

1224 2198 1254 2235 se
1264 2178 1401 2253 sospitem
1419 2177 1479 2234 iore
1493 2176 1630 2253 sperarit.

1264 2264 1373 2336 Quodsi
1395 2276 1593 2341 argumentum
1614 2261 1755 2339 tragoediee
1772 2263 1828 2320 tale
1845 2260 1904 2317 sere
1918 2258 1980 2329 lixit,

1224 2354 1309 2431 quale
1327 2354 1528 2430 exposuimus,
1548 2364 1642 2409 tamen
1663 2371 1700 2408 ne
1716 2351 1855 2427 exiguom
1874 2347 1979 2425 quiden

1225 2439 1363 2497 indicium
1375 2439 1460 2496 hodie
1472 2440 1625 2516 reperitur,
1638 2458 1696 2514 quo
1708 2437 1808 2495 sabula
1819 2437 1981 2514 compositio

1225 2540 1430 2605 cognoseatur3
1454 2526 1611 2603 fragmenta
1628 2527 1715 2582 etiam
1736 2538 1804 2583 sunt
1823 2537 1882 2581 tam
1901 2541 1980 2600 panea

1225 2629 1353 2688 servata,
1368 2626 1400 2672 ut
1415 2634 1452 2671 ne
1471 2634 1507 2671 ex
1518 2614 1564 2672 bis
1580 2610 1698 2691 quidem
1716 2611 1873 2690 quidquam
1889 2608 1979 2684 couje·
2064 2677 2065 2680 Ἴ

1225 2716 1305 2761 ctnra
1324 2722 1519 2779 assequamur.
1545 2699 1646 2759 Laium
1663 2699 1795 2778 quidem,
1809 2700 1902 2776 inquit
1920 2700 1980 2755 tur·

1225 2811 1363 2855 mannus.
1379 2803 1518 2848 testantur
1536 2788 1623 2847 index
1638 2787 1799 2846 fabularum
1813 2801 1843 2844 et
1857 2786 1915 2843 haec
1930 2788 1980 2841 lle·

1225 2880 1314 2955 sychii
1328 2874 1527 2959 glossarltss2]
1542 2876 1689 2959 «Ἀρίχνου
1701 2904 1713 2927 ι
1727 2876 1773 2934 ἀπ’
1787 2874 1886 2940 εὐθείας
1895 2871 1977 2953 erpt-

1224 2985 1304 3046 χνης·
1319 2968 1399 3045 Αίσχ.
1411 2960 1496 3047 Λαίῳ.
1510 2966 1631 3023 Videtur
1652 2965 1727 3022 hanc
1751 2961 1879 3021 fabulam
1901 2963 1979 3019 etiam

1225 3046 1979 3128 ScholiastesvenetnsadAristoplranisvespasr.288

1226 3142 1387 3199 nominasse
1400 3164 1408 3198 :
1424 3141 1505 3220 [tos]
1518 3139 1566 3199 nri
1574 3140 1619 3198 καί
1630 3139 1766 3218 Σοφοκλῆς
1778 3138 1980 3213 &munirequ-

1225 3230 1319 3311 τρίζειν
1331 3229 1416 3306 ἔλεγεν
1427 3233 1453 3288 ἐν
1463 3226 1579 3310 Πριάμῳ
1590 3235 1637 3286 καὶ
1647 3225 1780 3304 Αἰσχύλος
1791 3223 1871 3305 stru
1882 3226 1932 3300 (sic
1943 3235 1980 3279 est

1227 3318 1256 3374 in
1275 3317 1389 3393 codice)
1409 3315 1456 3374 καὶ
1469 3315 1648 3395 Φερεκράτης.
1668 3312 1815 3372 Putandus
1839 3323 1882 3369 est
1894 3323 1980 3368 autern

1226 3405 1378 3481 AEschylus
1407 3403 1484 3462 istud
1510 3402 1632 3461 verbnm
1667 3402 1704 3458 de
1726 3399 1845 3476 OEdipo
1869 3398 1981 3463 dixisse,

1226 3512 1313 3570 quem
1322 3512 1421 3550 recens
1433 3504 1532 3549 natum
1542 3489 1649 3568 exponi
1656 3488 1776 3565 jusserit
1786 3488 1883 3545 [airis.
1896 3485 1981 3543 Etiam

1227 3581 1306 3658 quod
1328 3581 1457 3639 Clemens
1477 3578 1687 3638 Alexandrinus
1705 3581 1813 3636 strom.
1835 3577 1883 3642 11,
1906 3573 1981 3648 inp

1227 3671 1284 3736 462
1308 3668 1365 3742 (ed.
1388 3668 1600 3745 Lips.vol.11,
1622 3685 1651 3746 p.
1678 3666 1742 3741 162)
1759 3683 1818 3721 non
1846 3663 1981 3722 nominato

1227 3757 1367 3835 scriptore
1380 3755 1482 3814 assent:
1495 3753 1528 3815 Ὁ
1541 3752 1738 3835 μὲνγὰρΛίῖος
1750 3752 1846 3818 ἐκεῖνος
1857 3747 1923 3808 κατὰ
1936 3746 1979 3817 riu

1226 3842 1376 3927 τραγῳδίαν
1392 3841 1485 3926 ρησίν·

1228 3979 1344 4046 Λθίνθε
1361 3971 1390 4043 d’
1409 3967 1496 4042 οὐδὲν
1516 3966 1617 4042 τῶνδέ
1635 3977 1669 4064 μ’
1682 3971 1722 4040 ὧν
1744 3975 1780 4040 σὺ
1799 3975 1959 4051 νουθετεῖς,

1227 4087 1348 4178 γνώμην
1370 4073 1398 4148 d’
1416 4083 1529 4172 ἔχοντά
1547 4085 1611 4172 p'rl
1630 4083 1715 4173 φύσις
1735 4075 1889 4166 βιάζεται,

1228 4239 1265 4276 ex
1274 4218 1399 4294 AEscbyli
1410 4218 1480 4276 Laio
1487 4236 1550 4274 esse
1558 4216 1614 4273 Tb.
1625 4217 1785 4272 Gatalterns
1792 4214 1867 4272 hdr.
1877 4210 1984 4270 miscell.

1228 4329 1258 4385 p.
1275 4308 1343 4382 5²9,
1359 4311 1397 4376 B,
1419 4303 1591 4382 conjiciebat
1604 4325 1611 4360 :
1624 4315 1654 4360 et
1669 4304 1791 4361 lortasse
1813 4304 1855 4360 ita
1866 4313 1921 4372 est,
1937 4299 1985 4356 etsi

1231 4415 1297 4455 vere
1310 4393 1384 4452 dixit
1404 4393 1536 4453 Butlerns
1556 4391 1746 4470 posteriorem
1768 4409 1884 4448 versum
1904 4389 1986 4463 nugis

1230 4481 1397 4559 Euripidem
1413 4493 1464 4539 aut
1487 4480 1679 4538 recentiorem
1692 4478 1816 4554 aliquem
1839 4477 1985 4553 Tragicnu

1229 4575 1390 4650 sapere.Ut
1401 4570 1560 4646 AEscbyleis
1573 4589 1642 4627 usus
1651 4581 1695 4627 est
1704 4569 1837 4628 Sterkins
1849 4569 1878 4625 in
1891 4567 1986 4624 ilisto-

1230 4663 1273 4719 ria
1292 4658 1520 4720 Labdacidarum
1535 4677 1564 4734 p.
1588 4658 1635 4725 46.
1651 4659 1714 4715 Non
1736 4669 1813 4714 recte
1825 4675 1894 4713 vero
1905 4657 1986 4713 Stan-

1231 4746 1302 4804 leius
1312 4756 1341 4803 et
1350 4745 1513 4803 Gronovius
1522 4743 1557 4802 ad
1566 4742 1801 4819 AEschylilainm
1814 4739 1987 4800 referendum

1231 4833 1372 4912 putabant
1388 4831 1468 4910 quod
1487 4831 1566 4910 apud
1589 4831 1846 4907 Harpocrationem
1858 4830 1887 4886 in
1896 4827 1987 4886 Μαλε-

1231 4921 1336 4998 κίζομιν
1353 4921 1395 4980 sic
1407 4921 1546 4998 scriptum
1560 4920 1667 4996 legitur
1683 4942 1690 4976 z
1706 4912 1987 4995 xteptm‘mnttq·

1230 5012 1345 5086 κεκμῆτι
1365 5006 1502 5083 μαλακίων
1522 5005 1592 5066 ποδί,
1613 5007 1646 5064 ln
1660 5006 1717 5063 isto
1730 5002 1864 5085 Ἔλλαδίῳ
1877 5021 1932 5060 noo
1944 5001 1986 5057 la·

1231 5097 1304 5156 bula
1317 5094 1489 5162 nomen,sed
1501 5095 1592 5173 ipsius
1603 5105 1693 5171 poetae
1702 5090 1790 5151 verba
1802 5094 1889 5150 latere
1901 5088 1988 5166 signi·

1231 5185 1313 5242 licnvi
1322 5179 1780 5240 indissertationedelleliadibns.
1788 5176 1988 5241 scribendum

1312 5291 1391 5392 lna,
1404 5299 1490 5376 ltou’
1505 5309 1621 5401 ἀκμῆτι
1641 5307 1769 5400 μὸίλκιον
1789 5297 1873 5375 uolt.

1234 5445 1301 5500 staee
1315 5439 1354 5496 ita
1371 5440 1554 5495 Hermannns
1564 5435 1601 5494 de
1612 5435 1689 5493 Laio.
