4567 6425
520 2206 698 2275 Firminus
720 2202 850 2289 Didot,
877 2205 930 2273 vir
952 2202 1230 2292 eruditissimus,
1251 2230 1366 2301 quum
1385 2208 1579 2303 scriptores
1602 2235 1694 2306 quos
1716 2212 1800 2283 Gol-

469 2329 622 2399 lectione
640 2352 702 2398 sua
725 2326 991 2423 complectitur,
1016 2325 1121 2397 edere
1141 2327 1282 2398 studeat
1300 2352 1409 2423 quam
1431 2330 1759 2423 emendatissimos,
1779 2360 1801 2407 a

466 2455 672 2521 Gurmmuo
686 2454 891 2519 Dinoonrro
904 2447 1122 2543 Sophoclem
1132 2451 1235 2546 petiit
1246 2450 1358 2547 ipsius
1375 2466 1410 2521 et
1424 2452 1645 2549 reliquorum
1660 2457 1802 2527 critico·

467 2598 549 2643 rum
571 2574 666 2643 curis
687 2570 822 2643 ultimis
844 2571 1153 2668 expolitissimum.
1177 2573 1245 2643 Cui
1268 2575 1322 2643 vir
1339 2574 1385 2645 de
1402 2577 1551 2647 scenicis
1570 2580 1684 2673 poetis
1702 2584 1801 2651 Grae·

467 2722 593 2767 corum
622 2696 866 2767 meritissimus
894 2697 1023 2766 annuit
1054 2696 1122 2780 ita,
1150 2712 1191 2766 ut
1209 2696 1310 2767 hunc
1341 2714 1485 2795 poetam
1510 2726 1584 2771 non
1617 2702 1735 2773 solum
1760 2729 1798 2775 ea
1864 2698 1870 2711 ’

466 2846 574 2917 quarn
598 2822 633 2891 in
653 2821 892 2891 Annotatione
911 2821 1041 2890 Oxonii
1062 2821 1158 2891 edita
1179 2838 1414 2918 proposuerat
1437 2825 1575 2895 ratione
1598 2828 1798 2899 restitutum

467 2945 640 3031 mitteret,
656 2944 718 3016 sed
732 2944 845 3015 multa
864 2946 993 3016 iterum
1016 2970 1058 3015 ac
1076 2945 1208 3041 saepius
1227 2947 1441 3018 examinaret
1456 2964 1490 3018 et
1506 2973 1570 3045 per
1588 2948 1797 3038 biennium,

467 3094 540 3165 quo
560 3068 858 3165 typographicnm
876 3093 969 3165 opus
983 3066 1080 3139 lente
1091 3068 1308 3164 procedebat
1321 3123 1330 3156 ,
1344 3070 1516 3167 plurimas
1528 3071 1799 3144 emendationes

467 3218 575 3263 novas
590 3190 746 3264 subinde
762 3191 952 3264 nobiscum
973 3193 1267 3263 communicaret.
1285 3197 1364 3280 Qua
1382 3221 1483 3267 mora
1502 3196 1670 3268 ellectum
1692 3214 1798 3270 estut

467 3315 682 3411 Sophoclem
714 3314 940 3386 confidenter
968 3317 1152 3386 tradamus
1170 3315 1397 3402 ‚bominibus
1426 3317 1562 3406 doctis,
1587 3321 1651 3416 qui
1680 3323 1799 3392 sciunt

453 3437 551 3532 'qnid
583 3439 628 3508 sit
656 3452 768 3508 artem
797 3439 959 3509 criticam
992 3462 1156 3509 exercere
1187 3463 1262 3508 non
1292 3438 1443 3510 arbitrio
1471 3440 1559 3528 levi,
1583 3441 1646 3514 sed
1675 3445 1728 3516 via
1755 3469 1797 3516 ac

466 3563 611 3634 ratione.

510 3685 708 3757 Translatio
728 3670 966 3772 Brunckiana,
983 3686 1166 3780 ceteroqui
1184 3682 1291 3779 digna
1309 3686 1388 3756 viro
1412 3700 1483 3756 tam
1501 3685 1611 3758 docto
1637 3706 1669 3761 et
1700 3692 1795 3787 inge·

401 3893 409 3906 ⁹
462 3811 584 3897 nioso,
602 3835 732 3880 caussae
748 3808 869 3880 multae
885 3823 987 3879 erant
1001 3834 1067 3878 cur
1083 3809 1217 3905 passim
1233 3809 1477 3906 refingeretuu
1493 3815 1581 3883 Nam
1598 3816 1795 3887 Brunclrius

461 3933 523 4005 ubi
553 3935 696 4030 signum
727 3933 870 4019 extulit,
902 3933 1012 4003 secuti
1042 3947 1124 4001 sunt
1152 3935 1368 4021 Hermanni,
1394 3933 1575 4022 Elmsleii,
1602 3937 1794 4020 L¹·becltii,

463 4053 700 4140 Boissonadii‚
729 4053 929 4141 llindorsri,
961 4054 1161 4142 Wunderi,
1198 4055 1274 4140 alii,
1302 4058 1365 4152 qui
1393 4058 1498 4128 crisin
1526 4075 1562 4130 et
1592 4061 1796 4158 interpreta-

462 4181 596 4250 tionem
617 4195 732 4276 poetae
757 4180 889 4248 mirum
917 4178 953 4248 in
974 4176 1122 4248 modum
1153 4196 1426 4274 promoverent;
1447 4181 1616 4254 inventus
1633 4201 1685 4256 est
1703 4185 1794 4258 liber

463 4303 728 4398 manuscriptus
743 4300 1020 4386 Laurentianus,
1038 4301 1101 4396 qui
1117 4300 1221 4396 plura
1237 4326 1345 4397 quam
1365 4305 1473 4374 ceteri
1489 4329 1615 4376 omnes
1631 4310 1794 4402 genuinae

460 4427 632 4498 orationis
659 4422 868 4520 Sophoclea
885 4424 1116 4494 conservavit.
1142 4427 1222 4493 Haec
1239 4425 1344 4520 igitur
1370 4427 1407 4496 in
1432 4428 1660 4500 translatione
1683 4430 1791 4504 latina

459 4549 653 4644 neglexisse
678 4573 794 4644 quum
830 4547 880 4619 las
910 4573 985 4618 non
1018 4563 1126 4632 esset,
1149 4546 1258 4617 docto
1285 4548 1409 4644 juveni
1440 4554 1478 4619 L.
1505 4553 1700 4642 Bmcorw,
1729 4557 1792 4652 qui

458 4671 504 4742 de
537 4673 639 4768 Ajace
668 4671 829 4742 libellum
861 4671 1077 4768 peculiarem
1113 4670 1275 4766 scripsit,
1308 4670 1435 4743 datum
1470 4688 1520 4743 est
1559 4698 1717 4765 munus,
1750 4694 1791 4750 ut
1874 4743 1879 4756 ,

459 4819 499 4864 ex
531 4795 799 4865 commentariis
825 4792 1004 4864 editorum
1032 4808 1069 4863 et
1097 4792 1208 4889 ipsius
1232 4790 1358 4862 studiis
1388 4792 1447 4862 illa
1475 4796 1597 4866 omnia
1626 4798 1790 4870 Bruncltii

459 4921 647 5014 corrigeret
673 4933 734 4988 aut
758 4915 966 5010 refingeret,
985 4941 1064 5012 quae
1087 4940 1161 4986 non
1182 4915 1388 4987 viderentur·
1402 4932 1498 4987 recte
1517 4918 1633 5014 posita
1654 4944 1740 4992 esse.

507 5040 576 5113 Sed
606 5041 829 5138 praecipuum
850 5055 903 5110 est
930 5055 1063 5110 nostrae
1084 5037 1255 5126 editioni,
1279 5054 1319 5109 ut
1344 5039 1540 5134 fragmenta
1563 5040 1786 5137 perditorum

454 5169 657 5238 dramatum
685 5165 721 5234 in
744 5189 785 5234 ea
807 5163 947 5260 plenius
975 5178 1009 5233 et
1033 5163 1167 5258 majore
1188 5188 1272 5233 cum
1293 5188 1379 5234 cura
1401 5162 1551 5234 collecta
1572 5179 1608 5235 et
1633 5167 1786 5264 expolita

456 5291 619 5386 legantur
649 5313 756 5384 qnam
789 5289 825 5358 in
854 5285 1135 5384 praecedentium
1165 5285 1246 5358 ulla.
1277 5288 1438 5359 rraesrint
1467 5289 1539 5362 boc
1568 5293 1676 5364 etiam
1700 5296 1788 5366 Gui-

456 5413 566 5484 lielmi
600 5410 781 5482 Dindorsri
824 5410 950 5482 sollers
992 5408 1200 5505 diligentia,
1236 5411 1300 5506 qui
1334 5410 1422 5482 olim
1450 5409 1553 5486 'edita
1594 5415 1786 5512 fragmenta

454 5545 608 5616 correxit
627 5561 662 5616 et
679 5569 769 5614 nora
788 5569 867 5613 nnae
885 5557 1104 5612 emerserunt
1123 5541 1250 5636 adjecit
1268 5542 1388 5612 nutlta.
1404 5547 1451 5614 Ea
1465 5562 1584 5617 antem
1599 5548 1672 5643 jam
1688 5574 1786 5620 nnnc
