4567 6425
481 742 538 798 m

531 872 614 963 [πὶ]
626 861 687 944 ὁδ’
703 874 783 941 ἐστὶν
801 875 833 952 ύς
852 873 922 939 ποτ’
938 872 1011 963 ἀμφ’
1030 870 1096 961 ἐμοὶ
1111 873 1198 955 βελος

531 981 746 1075 γελωτοποιὸν,
757 982 811 1052 τὴν
829 974 982 1069 κάκοσμον
1001 974 1145 1070 ούροίνην,

533 1082 646 1179 ἔρριψεν
664 1077 728 1151 oti·
744 1090 876 1179 ἥμαρτε·
892 1082 960 1175 περὶ
974 1074 1003 1147 ‹l'
1018 1087 1080 1172 ἐμῷ
1094 1080 1172 1173 κάρᾳ

533 1188 671 1283 πληχεῖσ’
691 1190 871 1282 ἐναυάγησεν
889 1188 1132 1279 ὀστρακουμένη,

532 1297 622 1387 χωρὶς
637 1306 774 1389 μυρηρῶν
792 1294 920 1384 τευχέων
937 1295 1057 1359 πνέουσ’
1076 1290 1153 1382 ἐμοί.
1208 1378 1218 1395 .

519 1446 561 1498 Ita
575 1440 669 1499 Ulixes
680 1438 796 1497 videtur
807 1437 913 1495 referre
923 1435 992 1513 quid
1003 1447 1097 1493 actum
1109 1434 1147 1491 sit
1157 1444 1240 1491 antea

477 1528 528 1585 illo
543 1541 689 1605 ternpore,
707 1547 796 1605 quum
816 1526 927 1583 adesset
949 1524 1032 1582 initio
1050 1523 1125 1581 inter
1139 1521 1240 1579 couri-

480 1628 578 1673 vantes
597 1636 716 1693 procos,
737 1628 769 1673 ut
792 1629 820 1673 et
841 1634 928 1691 quam
948 1614 1010 1689 ipse
1032 1630 1185 1690 perpessus
1204 1609 1242 1666 sit

480 1704 657 1761 insolentiam
688 1716 717 1761 et
744 1722 801 1779 qua
824 1702 939 1761 lascivia
972 1700 1048 1759 inter
1070 1699 1150 1776 ipsos
1180 1717 1241 1755 sese

481 1790 586 1849 habere
608 1791 684 1849 soliti
705 1790 828 1863 suerint,
850 1801 1014 1868 exponeret.
1038 1792 1137 1864 Neque
1157 1785 1241 1843 valde

480 1898 585 1937 uvero
611 1876 768 1938 abhorrere
789 1878 974 1949 sententiam,
999 1894 1086 1953 (μυυτι
1113 1874 1240 1949 explica-

480 1966 573 2025 vimus
583 2011 592 2038 ,
603 1966 681 2023 locus
694 1964 836 2039 ostendit,
849 1964 898 2042 qui
910 1978 952 2023 est
966 1962 1042 2041 apud
1056 1961 1240 2019 Scholiastam

480 2053 680 2131 Lycophronis
699 2074 726 2109 v.
743 2056 820 2125 778:
839 2049 907 2132 ssop’
921 2049 1047 2130 Αἰσχύλῳ
1071 2046 1190 2129 φαίνεταί
1203 2070 1243 2114 τις

480 2139 524 2199 τὸν
538 2138 667 2200 Ὀδυσσέα
682 2139 765 2219 τύψας
782 2138 902 2219 ὀστράκῳ
912 2180 919 2208 ,
929 2141 958 2197 ού
973 2137 1025 2215 μὴν
1039 2136 1101 2217 παρ’
1121 2134 1241 2217 Ὁμήρῳ.

481 2228 591 2286 Deinde
601 2226 772 2303 Eurymachi
783 2246 904 2302 corpore
913 2226 998 2283 allato
1007 2246 1040 2283 ea
1051 2225 1123 2282 dixit
1133 2224 1241 2296 Ulixes,

481 2334 545 2391 quae
556 2328 622 2372 sunt
634 2314 690 2371 alio
704 2315 768 2370 loco
780 2313 857 2392 apud
872 2314 1039 2372 Athenaeum
1049 2358 1056 2386 ,
1065 2317 1126 2385 XV,
1136 2332 1165 2389 p.
1176 2313 1242 2382 667,

481 2407 524 2459 C:
539 2400 591 2459 Kal
615 2398 745 2478 Αἰσχύλος
772 2401 793 2458 δ’
823 2402 849 2458 ἐν
884 2396 1048 2475 Ὀστολόγοις
1083 2395 1242 2477 ἀγκυλητοὺς

483 2486 555 2565 λέγει
572 2487 715 2553 κοττύύους
728 2486 771 2547 tri
785 2487 899 2547 τούτων·

483 2628 752 2721 [2531Εύρύμαχος
766 2626 828 2713 οὖν,
839 2631 893 2694 οὐκ
905 2618 1099 2710 harentia
1114 2630 1242 2702 ἥσσονας

485 2724 580 2825 ύύριζ’
600 2730 772 2825 ύύρισμοὺς,
789 2736 845 2799 οὐκ
857 2734 1001 2811 ἐναισίους
1015 2731 1091 2823 ἐμοί.

484 2816 531 2903 Hs
550 2839 603 2929 μὲν
616 2838 672 2931 γὰρ
691 2842 774 2922 αύτῷ
788 2832 940 2915 κύτταύος
961 2838 1072 2927 τούμὸν
1088 2836 1183 2927 κάρα,

484 2952 540 3009 τοῦ
555 2936 585 3009 d’
600 2944 771 3035 ἀγκυλητοῦ
785 2938 940 3009 κοττιέύου
954 2946 983 3035 γ’
995 2940 1041 3007 ἀεὶ
1054 2939 1184 3017 σκοπός·
1225 2950 1242 2961 ”

485 3048 598 3137 ἐτεμὼν
610 3036 657 3138 (Ρ)
675 3044 783 3121 iricius
800 3047 863 3138 χεὶρ
884 3044 992 3135 ἐφίετο.

484 3196 574 3248 Versu
600 3210 609 3246 ι
637 3180 680 3247 σύν
697 3210 713 3247 a
733 3189 903 3249 Casaubono
928 3187 1166 3265 adjecimus
1191 3208 1243 3246 co·

486 3277 563 3334 dices
577 3273 646 3334 κύττ.
666 3275 707 3333 ἀεὶ
726 3282 771 3336 τοῦ
789 3275 881 3354 plut
906 3275 1044 3344 κοσσύύιύς
1062 3278 1118 3335 ἐστι
1139 3278 1242 3346 σκοπός.

486 3367 577 3420 Versu
601 3364 616 3420 5
641 3365 783 3421 Stunleius
805 3361 835 3422 ἐκ
854 3363 878 3424 τ’
900 3365 981 3440 ἐμῶν,
994 3379 1161 3442 comparato
1181 3369 1244 3426 loeo

487 3450 608 3506 Pollucis
621 3455 659 3522 X,
673 3453 723 3522 76:
738 3449 866 3529 Ἐξεμείν,
875 3448 939 3532 ὅπερ
954 3454 977 3510 οἱ
992 3452 1085 3512 πολλοὶ
1097 3455 1245 3514 ἀποκοττα-

488 3534 566 3604 ίέζειν
583 3533 710 3614 λέγουσιν.

815 3641 925 3658 *-

764 3727 971 3791 PENELOPE.

527 3835 624 3891 Tertia
653 3833 771 3910 trilogiae
803 3835 936 3911 tragoedia
961 3836 1104 3913 Penelope
1133 3838 1185 3895 suit
1210 3859 1247 3897 ex

1041 724 1216 787 AESCHYLI
1236 718 1485 782 FRAGMENTA.

1282 855 1359 911 hunc
1373 852 1489 911 modum
1499 850 1637 927 scripturn
1647 846 1724 925 apud
1734 842 1931 923 Etymologunr
1939 845 2012 921 terp.

1282 963 1309 1019 p.
1321 945 1392 1013 saa
1403 937 1516 998 εἸστύον
1525 934 1606 995 ὅτιτὸ
1617 934 1831 1016 ἀρχέστατυν,ύ)ς
1840 931 2013 1013 παρέΑέσχύνρ

1281 1027 1307 1087 ἐν
1319 1025 1476 1106 Πηνελόπη,
1490 1017 1560 1084 οἷον·

1284 1563 1362 1602 mum
1375 1545 1472 1602 iocum
1484 1540 1604 1619 trilogiae
1621 1536 1760 1595 obtinere.

1579 1670 1740 1695 ⁴00-

1539 1756 1795 1845 AETNAEAE.

1323 1919 1474 1997 AEschylus
1485 1921 1516 1978 in
1529 1919 1627 1979 Sicilia
1637 1917 1716 1997 apud
1725 1918 1884 1976 Hieronem
1895 1926 2023 1986 qnunuru

1285 2012 1469 2088 peregrinans
1480 2022 1510 2068 et
1520 2011 1552 2067 iu
1564 2010 1648 2087 hujus
1662 2009 1804 2066 honorem
1818 2016 1847 2062 et
1859 2000 1943 2069 urbis,
1953 2016 2023 2074 quatu

1286 2100 1333 2158 ille
1348 2118 1447 2157 recens
1464 2097 1634 2156 condiderat
1652 2097 1682 2153 in
1702 2100 1788 2154 AEtna
1804 2104 1901 2150 monte
1913 2094 2024 2148 AEtnam·

1286 2206 1342 2264 que
1362 2198 1535 2256 vocaverat,
1562 2189 1686 2243 AEtuaeas
1709 2180 1876 2259 tragoediam
1900 2174 2026 2252 scripsisse

1286 2274 1400 2332 dicitur.
1415 2272 1571 2331 Dorienses
1585 2273 1719 2341 luerunt,
1740 2288 1815 2347 quos
1834 2268 1865 2325 iu
1877 2271 1955 2324 AEma
1967 2258 2026 2316 urbs

1286 2364 1375 2419 Hiero
1386 2360 1514 2419 condidit
1533 2361 1626 2436 iisque
1642 2360 1772 2416 instituta
1784 2357 1914 2434 legesque
1926 2373 1941 2408 a
1951 2349 2026 2424 majo-

1286 2450 1367 2508 ribus
1380 2461 1511 2526 acceptas
1521 2448 1657 2507 restituit.
1670 2449 1825 2506 Dorienses
1835 2456 1927 2501 autem
1939 2442 1964 2497 in
1976 2437 2028 2515 pri-

1286 2539 1339 2595 mis
1367 2538 1520 2596 Herculem
1550 2537 1703 2595 coluerunt
1732 2547 1761 2593 et
1786 2552 1853 2591 curn
1878 2530 1930 2589 hoc
1951 2525 2028 2583 fillum

1285 2626 1416 2700 Hyllum,
1437 2624 1541 2681 deiude
1559 2629 1731 2699 Dymantem
1753 2634 1783 2679 et
1806 2618 2030 2696 Pampiryhrmw't

1285 2711 1391 2789 quibus
1401 2712 1583 2771 Dorieusium
1595 2724 1694 2788 gentes
1707 2710 1848 2786 originem
1860 2708 1958 2765 ducere
1969 2702 2028 2757 iere

1287 2800 1401 2858 bantur.
1412 2804 1514 2877 ltaque
1524 2812 1609 2877 poeta
1620 2799 1674 2856 hos
1686 2795 1871 2856 celebrandos
1882 2806 1909 2851 et
1918 2810 1978 2848 eum
1988 2808 2031 2843 eo-

1287 2909 1351 2947 rum
1373 2886 1457 2946 laude
1480 2886 1576 2944 laudes
1600 2885 1817 2945 Atheniensium
1837 2876 2033 2957 conjungendas

1287 2975 1406 3054 putavit.
1423 2975 1589 3050 Antiquitas
1612 2994 1674 3031 mos
1694 2985 1754 3031 erat
1776 2969 1854 3051 apud
1871 2982 1993 3032 veteres,
2013 2962 2033 3017 si

1287 3063 1368 3137 cujus
1385 3061 1447 3119 laus
1462 3060 1642 3140 praedicanda
1662 3061 1730 3132 suit,
1749 3060 1813 3117 illos
1832 3059 1952 3135 primum
1972 3072 2032 3129 pre

1288 3149 1396 3220 dicari,
1415 3169 1431 3206 a
1452 3148 1558 3227 quibus
1580 3148 1719 3226 originem
1741 3147 1836 3205 duxit.
1848 3150 1929 3205 Heme
1938 3158 2034 3199 morem

1288 3256 1377 3314 quum
1393 3236 1423 3292 in
1443 3235 1586 3293 laudanda
1608 3235 1680 3292 urbe
1700 3234 1852 3310 AEschylus
1872 3240 2036 3308 sequeretur»

1287 3324 1358 3382 duas
1378 3325 1449 3382 alias
1463 3325 1614 3402 tragedias
1630 3324 1792 3403 praeoedere
1806 3327 1930 3380 AEtnms
1941 3317 2036 3380 votuit.

1288 3412 1392 3490 quihus
1412 3413 1561 3471 Herculem
1581 3411 1723 3488 hujusque
1740 3423 1874 3488 posteros
1890 3408 2037 3466 extolleret.

1289 3505 1388 3576 ltaque
1409 3500 1439 3558 in
1459 3512 1516 3558 tres
1529 3512 1625 3576 partes
1641 3512 1730 3556 totam
1746 3517 1807 3556 rem
1825 3496 1945 3565 divisit,
1957 3497 2037 3550 tiera-

1289 3588 1482 3664 clidarumque
1498 3607 1514 3644 e
1534 3587 1627 3664 patria
1642 3587 1708 3664 luga
1725 3587 1818 3664 prima
1832 3585 1889 3642 fuit
1901 3579 2038 3657 tragedia.

1290 3677 1398 3734 reditus
1418 3675 1541 3732 filiorum
1564 3676 1669 3741 altera.
1687 3675 1771 3732 tertia
1787 3672 1957 3730 instauratio
1968 3667 2039 3726 insti

1291 3775 1420 3820 tutorum
1447 3762 1639 3820 Doriensium.
1674 3760 1833 3820 Heraclidae
1857 3761 1933 3817 enim
1959 3757 2040 3834 patria

1290 3850 1365 3927 pulsi
1377 3849 1503 3908 Athenas
1518 3868 1549 3906 se
1561 3849 1760 3916 contulerunt,
1777 3847 1826 3906 ubi
1841 3846 1947 3924 recepti
1963 3843 2038 3918 arlio-

2067 427 2069 524 l

2067 1019 2069 1078 l

1283 1157 1364 1231 [25⁴]
1379 1141 1450 1248 dyo
1473 1155 1557 1247 γένος
1578 1154 1631 1242 μέν
1649 1146 1710 1239 εἶμι
1729 1150 1814 1241 Κρὴς
1836 1148 2014 1239 ἀρχέστστον,
2067 1093 2069 1190 l

1282 1278 1374 1339 καὶτὸ
1389 1278 1564 1338 αέδοιέστατον
1576 1274 1622 1333 καὶ
1635 1271 1826 1354 ἀφθονέστατον
1847 1269 1969 1343 ποιητικά,
1977 1270 2016 1326 εἰσι
2067 1277 2068 1310 ³

1283 1367 1342 1426 κατ’
1364 1365 1420 1435 ἔθος
1444 1364 1542 1425 Ἰώνων
1563 1360 1696 1439 γινόμενα.
1720 1362 1865 1435 Quocirca
1890 1356 2017 1417 concludas
2067 1363 2068 1390 r

1284 1456 1342 1514 iere
1352 1456 1523 1531 Penelopam
1538 1449 1705 1529 tragoediam
1717 1469 1777 1507 non
1795 1449 1921 1527 potuisse
1931 1458 2017 1525 postte
2067 1539 2068 1546 ρ

490 3921 630 3978 Welokeri
653 3921 801 4002 sententia.
825 3927 859 3980 In
877 3943 911 3982 ea
931 3923 1028 3981 Ulixes
1050 3923 1200 4000 Penelopae
1217 3947 1248 3984 se
1291 3937 1370 4013 tique
1381 3948 1480 4014 postea
1489 3935 1701 4012 expeditionem
1712 3936 1850 3994 adversus
1861 3933 2041 4009 Eurysrheunr

490 4007 596 4065 obtulit
615 4007 791 4085 devictisque
810 4012 905 4086 procis
928 4011 1044 4068 ancillas
1063 4011 1166 4084 etiam,
1185 4033 1248 4090 quae
1291 4037 1486 4101 susceperunt,
1496 4026 1797 4101 Alcmenatyfannum
1808 4023 1941 4101 peremit,
1956 4027 2042 4096 mque

490 4114 555 4152 ⁰⁰⁰¹
569 4095 625 4152 llll³
639 4116 698 4153 ‘0¹¹¹
714 4096 890 4196 hibssffflssl,
905 4117 986 4174 Poena
998 4098 1104 4158 lssoell·
1292 4113 1385 4190 prima
1404 4113 1541 4190 tragoedia
1554 4115 1691 4171 Alcmena
1710 4113 1786 4170 dicta
1803 4124 1856 4170 est.
1871 4113 1981 4169 Venim
1995 4130 2043 4166 nro

529 4187 593 4252 Qua
616 4182 651 4239 (le
675 4183 811 4260 ltagoedta
824 4203 912 4260 quum
931 4185 1067 4262 pleraque
1087 4205 1151 4262 quae
1172 4188 1247 4245 rele—
1293 4201 1345 4258 fuit
1356 4200 1568 4277 Peloponnesus
1579 4201 1796 4258 Heraclidarum
1808 4200 1891 4258 sedes
1904 4211 2046 4276 perpetus.

492 4282 603 4341 runtur,
617 4271 782 4328 Welcherus
796 4273 875 4330 nullo
888 4284 985 4330 vetere
1005 4285 1120 4330 auctore
1142 4275 1185 4330 sui
1201 4277 1246 4332 in·
1292 4291 1399 4346 lterum
1413 4286 1599 4364 relinquenda
1610 4299 1672 4346 em
1681 4287 1763 4364 jussu
1774 4287 1907 4347 χρωτὶ,
1922 4287 2046 4363 murm.

491 4357 566 4434 gunii
582 4377 637 4434 ope
650 4359 841 4430 concinuerit,
855 4361 943 4418 satius
962 4375 1004 4418 est
1015 4364 1171 4438 praeteriri,
1186 4385 1250 4441 quae
1293 4376 1359 4432 tiam
1391 4375 1582 4435 vaticinantis·
1605 4377 1751 4434 niumm
1784 4388 1917 4451 [empore
1949 4377 2049 4449 mapa,

493 4465 549 4509 tam
576 4453 684 4510 incerta
710 4467 785 4515 sunt.
800 4459 843 4512 Ex
871 4456 1028 4534 fragmento
1051 4471 1146 4516 autem
1171 4461 1249 4536 quod
1293 4460 1449 4520 Heraclidae
1469 4483 1534 4520 eum
1552 4465 1704 4538 Dymantis
1725 4476 1755 4521 et
1768 4461 1919 4540 Pamphyli
1937 4475 2050 4540 guntero

493 4559 581 4596 unum
603 4553 751 4616 superest,
772 4541 853 4600 facile
874 4543 1028 4601 concludas
1047 4545 1174 4602 nondum
1189 4567 1250 4604 ser·
1293 4549 1398 4606 reversi
1407 4543 1558 4608 maximam
1568 4563 1679 4628 partem
1688 4549 1878 4628 Peloponnesi
1888 4558 2050 4626 expugnant

493 4639 588 4683 vatum
625 4627 710 4684 hrisse
744 4629 856 4686 Ulixem
882 4649 918 4686 ex
943 4631 1075 4688 omnibus
1098 4634 1249 4708 periculis,
1293 4635 1390 4711 ibique
1406 4637 1488 4694 sedes
1503 4638 1649 4716 accipiunt
1668 4652 1830 4716 perpetuas.
1851 4636 1910 4694 Sed
1928 4659 1988 4694 nou
2004 4655 2052 4692 υυσ

492 4714 600 4790 quippe
624 4715 670 4771 cui
690 4734 763 4791 opus
788 4716 871 4773 luerit
896 4716 978 4780 dolos
1004 4721 1200 4791 comminisci,
1219 4734 1250 4777 ut
1294 4734 1368 4780 terra
1381 4724 1449 4782 satis
1463 4744 1563 4802 magua
1578 4725 1644 4795 init,
1655 4745 1719 4802 quar
1731 4737 1837 4783 tautam
1853 4737 1976 4799 gentem
1990 4743 2051 4780 mo·

494 4815 590 4876 posset
608 4802 786 4860 adversarios
807 4804 928 4864 vincere.
953 4805 1002 4862 Est
1019 4819 1113 4864 autem
1132 4809 1202 4865 illud
1220 4811 1248 4866 in
1296 4810 1386 4867 tinere
1403 4815 1539 4889 potuerit.
1562 4814 1746 4888 Emigraruat
1765 4812 1925 4869 Dorienses
1943 4813 1974 4869 io
1987 4810 2053 4868 Sici-

495 5036 604 5094 llieille
614 5047 665 5106 est,
678 5039 724 5110 qui
737 4975 924 5112 aliquariddin
938 5057 980 5098 mo
989 5043 1074 5098 telum

496 5113 642 5171 ridiculum
653 5157 660 5180 ,
672 5119 742 5174 maie
751 5120 867 5176 olentem
878 5121 1027 5187 matulam.

497 5191 608 5264 impegit
628 5209 678 5248 neo
697 5194 846 5254 frustratus
861 5208 916 5267 est;
934 5197 982 5256 sed
1002 5199 1038 5257 ad
1061 5211 1147 5274 caput
1160 5219 1251 5262 meum

497 5270 568 5326 illisa
581 5270 720 5328 confracta
738 5283 779 5330 est
792 5277 820 5331 in
830 5285 945 5334 tesseras
956 5277 1111 5346 dissiliens,

496 5357 634 5406 arrasum
648 5365 663 5405 a
675 5351 745 5408 rasis
756 5357 943 5426 unguentariis
957 5357 1034 5414 olens
1047 5359 1122 5416 mihi.

499 5496 552 5554 Hie
568 5497 755 5569 Eurymachus
765 5437 944 5574 igituiliiuu
959 5505 1041 5576 airus,
1055 5523 1110 5564 nou
1124 5507 1226 5563 leniore

1294 4986 1338 5026 nra
1351 4970 1451 5044 injuria
1463 4971 1574 5040 affecit,
1589 4972 1700 5027 minime
1720 4970 1787 5027 mihi
1805 4987 1954 5043 prospera.

1294 5053 1360 5106 Erat
1369 5051 1442 5106 enim
1455 5051 1479 5106 ei
1495 5051 1621 5108 oottabus
1632 5060 1716 5124 eaput
1729 5067 1839 5118 meum,

1294 5137 1322 5184 et
1335 5129 1466 5186 vibratilis
1479 5130 1583 5187 oottabi
1597 5144 1705 5201 semper
1715 5143 1828 5200 seopus;

1518 5247 1590 5264 ....
1605 5208 1735 5280 iuvenilis
1753 5221 1854 5263 ananus
1871 5209 2005 5281 appetiit.

1642 5368 1710 5418 254.

1384 5509 1444 5582 ligo
1458 5509 1525 5567 cres
1537 5523 1600 5566 suar
1615 5506 1805 5580 antiquissima
1815 5507 1945 5580 origne.
