4567 6425
470 727 524 781 ¹92

500 843 641 927 Exposuit
659 846 763 906 deinde
783 844 970 904 Prometheus
996 845 1124 915 labores,
1149 864 1223 924 quos

459 938 598 997 Hercules
611 937 783 994 toleraturus
796 946 879 993 esset.
895 938 938 993 Eo
952 936 1098 1013 pertinent
1113 954 1222 1007 versus,

459 1028 511 1104 qni
526 1037 639 1083 exstant
652 1024 729 1103 apud
742 1023 916 1101 Stephanum
929 1028 995 1100 Byz.
1011 1044 1037 1081 v.
1052 1019 1135 1082 Ἄύισι
1147 1046 1155 1080 :
1168 1024 1222 1082 Al-

460 1115 554 1193 σχύλος
566 1110 594 1173 δὲ
608 1112 719 1180 Γαύίους
731 1110 773 1170 διὰ
786 1118 831 1171 τοῦ
842 1135 860 1191 γ
870 1114 896 1171 ἐν
909 1110 1027 1193 λυομένῳ
1037 1114 1192 1192 Προμηθεῖ·

460 1244 522 1323 172]
539 1220 782 1317 λῗτειταθῆξεις
794 1230 892 1329 δῆμον
911 1229 1116 1305 ε’νθικώτατον

461 1331 605 1438 [θνητῶν]
620 1346 764 1412 ἀπόντων
782 1344 833 1409 καὶ
850 1337 1102 1434 φιλοξενώτατον,
1155 1357 1161 1367 ’

386 1468 407 1483 “
458 1446 601 1528 Γαόίους·
618 1452 654 1515 ἵν’
671 1453 737 1517 οὔτ’
755 1446 882 1541 ἄροτρον
899 1450 1115 1540 ούτεγατόμος

458 1559 559 1647 τέμνει
577 1548 693 1622 θίαελλ’
709 1551 855 1649 ἄρουραν,
870 1554 938 1619 ἀλλ’
957 1554 1141 1647 αύτόοποροι

457 1665 528 1753 γύαι
542 1665 660 1754 ῳόρουσι
678 1662 781 1745 βίοτον
796 1656 924 1745 σῖρθονον
938 1663 1069 1752 βροτοῖς.

456 1800 488 1853 V.
507 1786 517 1853 i
537 1796 622 1855 codd.
645 1794 709 1866 ἥξει.
732 1794 1035 1873 l'adloueexAEschylo
1060 1810 1222 1857 memorant

456 1885 616 1943 Scholiasta
634 1884 754 1943 Homeri
775 1882 859 1943 lliad.
879 1886 921 1955 N,
939 1884 956 1940 6
966 1926 976 1953 ,
998 1895 1026 1940 et
1043 1886 1173 1947 Eustath.
1189 1906 1219 1963 p.

456 1976 524 2047 916,
537 1980 584 2039 al.
597 1977 729 2031 Fortasse
739 1971 799 2029 haec
809 1972 923 2048 excepit
939 1972 1128 2047 fragmentum
1141 1974 1220 2050 qrrod

456 2057 628 2119 Scholiastes
638 2061 784 2138 Apollonii
795 2060 901 2117 Rhodii
912 2061 1079 2118 servavitad
1087 2066 1136 2132 lv,
1146 2062 1201 2131 284
1213 2086 1220 2119 ε

456 2150 519 2227 [73]
531 2141 585 2207 Τὸν
596 2145 699 2230 Ἰστρον
714 2146 792 2229 paulu
804 2148 834 2205 ἐκ
847 2150 899 2204 τῶν
911 2144 1093 2229 Ὑπερθσρέων
1106 2150 1223 2230 κατορέ-

457 2242 545 2317 ρεσθαι
557 2233 601 2293 καλ
612 2238 664 2293 τῶν
675 2233 803 2295 ‘Parcitur
813 2236 896 2315 ὀρῶν·
907 2231 976 2291 σύτο)
989 2233 1016 2293 δὲ
1026 2226 1097 2293 εἶπεν
1109 2238 1221 2296 ἀκολου-

456 2326 507 2379 θῶν
519 2326 557 2403 τῷ
569 2321 691 2403 Αἰσχύλῳ
702 2323 729 2380 ἐν
743 2319 862 2401 λυομένῳ
873 2323 1009 2399 Προμηθεῖ
1020 2322 1121 2403 λέγοντι
1131 2331 1220 2383 τοῦτο.

456 2416 527 2469 Corn
547 2410 654 2489 quibus
672 2416 853 2469 Hermannus
869 2412 952 2468 etiam
976 2410 1140 2489 conjunxit,
1158 2435 1222 2491 quae

456 2498 534 2577 apud
561 2498 732 2557 Strabonem
756 2500 890 2577 leguntur
918 2504 989 2572 vll,
1012 2522 1041 2579 p.
1068 2504 1124 2560 300
1141 2524 1149 2559 ε
1166 2503 1221 2561 Καὶ

458 2586 589 2666 Αἰσχύλος
606 2585 628 2645 δ’
644 2586 763 2667 ἐμφαίνει
785 2590 934 2669 συνηγορῶν
955 2592 993 2668 τῷ
1016 2592 1113 2669 ποιητῇ
1137 2589 1222 2671 φήσας

455 2672 514 2755 περὶ
529 2676 583 2732 τῶν
596 2676 720 2750 Σκυθῶν,

454 2794 518 2874 [lt]
534 2780 611 2858 Alt'
628 2791 761 2869 laudare
787 2795 939 2884 βρωτῆρες
954 2794 1072 2883 εύνομυι
1098 2793 1218 2864 Σκύθαι.

455 2928 553 2995 Quum
569 2925 811 3001 septemtrionem
832 2943 932 2981 versus
950 2924 1130 3000 prolecturus
1148 2938 1221 2983 esset

455 3012 612 3085 llerculcs,
626 3013 713 3070 ctiam
728 3012 775 3069 illa
789 3011 852 3069 loca
867 3012 1053 3069 Prometheos
1068 3013 1093 3069 ei
1108 3013 1219 3071 deseri-

455 3099 544 3175 psisse
559 3110 588 3156 et
599 3120 663 3176 quae
680 3100 707 3155 ei
723 3111 816 3156 essent
830 3098 962 3156 evitanda
973 3100 1099 3176 pericula
1115 3103 1221 3179 praedi-

454 3186 529 3244 risse
540 3185 690 3244 videatur:
706 3186 736 3243 id
751 3184 831 3263 quod
848 3186 973 3244 Galenus
987 3183 1075 3245 habet
1089 3189 1119 3245 in
1132 3194 1221 3247 (Iom-

455 3286 543 3332 ment.
559 3275 644 3353 prim.
664 3273 700 3331 ad
718 3275 803 3352 llipp.
823 3273 907 3351 Epid.
922 3278 962 3331 vl
975 3319 983 3348 ,
997 3295 1027 3352 p.
1044 3277 1099 3345 454
1116 3277 1219 3355 (385):

510 3403 574 3482 [75]
591 3383 762 3476 Εξευλαύοῦ
783 3391 817 3464 δὲ
836 3403 879 3489 μετ’
893 3425 925 3465 σε
941 3397 1099 3496 προοόοιλη
1118 3405 1221 3494 στόμα

507 3499 634 3594 πόμριξ·
654 3502 747 3594 πικρὰ
762 3502 821 3597 γὰρ
834 3509 886 3571 κού
902 3497 955 3571 διὰ
969 3499 1044 3584 ζωῆς
1060 3509 1166 3598 ἀτμοί.

453 3631 508 3689 Alii
528 3651 593 3688 cum
608 3631 653 3689 his
669 3651 769 3688 versus
784 3631 886 3690 eodem
903 3633 967 3690 loco
981 3653 997 3690 a
1012 3636 1122 3693 Galeno
1138 3657 1221 3694 com-

455 3732 642 3791 memoratos,
657 3739 729 3796 quos
748 3739 835 3798 snpra
856 3721 931 3778 inter
952 3721 1110 3799 fragmenta
1123 3726 1219 3784 Vincli

452 3807 616 3866 Promethei
634 3809 797 3886 posuimus,
812 3808 1033 3885 conjunxerunt.

492 3898 537 3952 Ex
556 3893 602 3952 his
615 3895 687 3954 locis
709 3915 843 3954 reversus
857 3916 953 3974 pogna
976 3917 1040 3955 cum
1063 3900 1219 3976 Liguribus

452 3983 568 4040 Herculi
584 3995 646 4040 erat
659 3982 823 4056 subeunda,
838 3997 871 4040 ut
885 3983 920 4041 ad
935 3985 1106 4062 Hesperidas
1119 4009 1219 4066 perve-

452 4069 533 4126 niret.
553 4073 616 4144 Qua
639 4070 675 4128 de
691 4091 723 4128 re
743 4071 801 4128 hcc
824 4070 910 4129 habet
925 4072 1031 4130 Strabo
1043 4077 1092 4146 IV,
1111 4094 1141 4151 p.
1163 4078 1216 4134 183

452 4157 532 4232 (⁴277,
546 4161 580 4232 Β)
594 4157 652 4218 εΤὸ
664 4157 752 4234 μέντοι
766 4157 977 4236 δυσαπολόγητον
992 4159 1123 4238 Αἰσχύλος
1134 4185 1219 4223 κατα·

451 4241 542 4319 μαθὼν
556 4243 573 4316 ἢ
585 4244 648 4326 παρ’
659 4245 739 4304 ἄλλον
750 4243 912 4327 παραλαύὼν
924 4251 959 4313 εἰς
974 4251 1053 4324 μῦθον
1072 4247 1217 4318 ἐξετόπισε·

451 4329 515 4410 φησὶ
528 4338 589 4410 γοῦν
604 4330 757 4414 Προμηθεύς
771 4332 833 4414 παρ’
846 4335 917 4415 αύτῷ
930 4334 1120 4414 καθηγούμενος
1133 4337 1216 4422 Ἡρο-

807 4567 855 4616 77.

449 4665 556 4722 Deinde
572 4683 635 4723 vero
658 4667 797 4739 pervenies
819 4667 853 4723 ad
874 4669 1006 4740 populum
1026 4673 1214 4743 justissimum

448 4746 572 4802 omnium
587 4746 745 4803 mortalium
756 4755 783 4802 et
795 4747 913 4803 maxime
924 4749 1099 4820 hospitalem,

448 4825 567 4894 Gabios,
590 4826 638 4881 ubi
658 4842 707 4882 nec
732 4835 853 4882 aratrum
869 4843 918 4882 nec
936 4836 1036 4884 terram
1058 4829 1216 4886 discindens

450 4913 569 4958 rastrum
586 4919 682 4976 agrum
695 4904 826 4972 dimovet,
837 4905 886 4961 sed
899 4921 948 4962 sua
960 4917 1057 4978 sponte
1069 4917 1133 4964 sata·

450 4997 515 5036 arva
534 4983 636 5055 largam
655 4982 743 5038 rictus
761 4984 868 5056 copiam
894 4987 1057 5043 mortalibus
1079 4987 1215 5044 asserunt.

809 5075 825 5122 7
830 5075 857 5124 3.

483 5148 542 5196 lsler
551 5146 676 5199 descendit
684 5162 713 5199 es
726 5150 884 5213 llyperboreis
894 5156 919 5201 el
929 5151 1037 5216 ltbipmis
1049 5153 1184 5204 montibus.

459 5323 493 5370 at
503 5313 574 5371 casei
586 5315 678 5388 equini
689 5333 790 5408 εεσιεσ3
804 5318 879 5389 justa
896 5335 972 5392 gens,
987 5321 1109 5392 scytlrae.

813 5410 859 5458 75.

487 5491 568 5560 Cave,
583 5507 616 5547 ne
631 5507 662 5546 os
674 5500 752 5547 tuum
764 5492 878 5565 attingat

1034 712 1210 773 AESCHYLI
1229 714 1478 775 FRAGMENTA.

1269 846 1325 903 τελεῖ
1332 850 1384 904 τῶν
1394 848 1462 905 ὁδῶν
1472 848 1523 905 τῶν
1535 843 1589 905 dati
1598 850 1644 906 τοῦ
1655 845 1796 905 Καυκάσου
1807 844 1872 927 πρὸς
1882 843 1925 912 tie
1933 846 2010 907 ‘luas

1267 932 1338 1014 ρίδος
1347 955 1354 967 ·

1267 1056 1334 1142 [76]
1352 1043 1441 1141 Hills
1457 1054 1492 1129 δὲ
1508 1066 1628 1157 Alpium
1642 1060 1682 1140 εἰς
1695 1058 1871 1154 ἀτάρόητον
1889 1066 2011 1155 στρατόν·

1320 1167 1376 1234 ἔνθ’
1390 1171 1425 1235 ού
1433 1169 1544 1261 μάχης,
1555 1170 1625 1257 σάφ’
1634 1158 1717 1251 olda,
1728 1168 1779 1235 καὶ
1794 1168 1897 1260 θοῦρός
1908 1194 1957 1258 τερ
1970 1170 2011 1244 ὧν,

1319 1270 1447 1364 μέμψει·
1466 1277 1626 1366 πέπρωται
1643 1274 1701 1368 γάρ
1718 1299 1752 1341 σε
1769 1272 1820 1341 καὶ
1840 1276 1915 1360 βελη
1931 1280 2012 1340 λιτεῖν

1320 1381 1453 1448 ἐνταῦθ’·
1471 1380 1589 1446 ἑλέσθαι
1603 1371 1633 1445 δ’
1651 1381 1745 1445 οὔτιν’
1766 1382 1802 1445 ἐκ
1817 1382 1904 1474 γαίας
1916 1379 1988 1447 λίθον

1319 1480 1408 1564 ἕξεις,
1427 1485 1491 1552 ἐπεὶ
1508 1489 1568 1562 πᾶς
1586 1485 1683 1578 χῶρός
1699 1487 1766 1551 ἐστι
1785 1487 1948 1577 μαλθακός.

1319 1578 1396 1656 lim
1407 1582 1437 1656 θ’
1457 1588 1676 1682 ἀμηχανοῦντοὶ
1693 1596 1721 1656 ε’
1739 1593 1842 1670 όΖεύς
1857 1592 1989 1683 οἰκτεριί,

1318 1699 1441 1785 νεφέλην
1451 1687 1479 1760 θ’
1487 1689 1904 1791 ύποσχὼννιρσίθιγογγυλων
1913 1697 2013 1786 πέτρον

1317 1802 1459 1868 ύπόσκιον
1477 1802 1559 1875 θήσει
1576 1802 1670 1892 χθόν’·
1689 1797 1731 1880 οἷς
1747 1804 1853 1869 ἔπειτα
1866 1804 1903 1869 ού

1320 1909 1421 1990 βαλὼν
1440 1898 1559 1985 διώσας
1581 1898 1690 1999 ῥᾳδίως
1709 1906 1802 1999 Αίγυν
1820 1910 1960 2001 στρατόν.

1265 2053 1373 2107 Versus
1390 2051 1443 2107 1-3
1469 2050 1566 2106 attulit
1589 2048 1675 2106 eliam
1695 2049 1852 2124 Dionysius
1877 2050 1940 2108 Hal.
1956 2056 2012 2107 Aut.

1265 2141 1348 2195 Rom.
1361 2144 1392 2209 1,
1405 2146 1439 2205 41
1453 2180 1462 2209 ,
1476 2136 1526 2195 nbi
1541 2127 1570 2194 εύ
1587 2128 1653 2196 οἶδα.
1674 2140 1710 2195 V.
1727 2158 1743 2209 ρ
1759 2137 1827 2196 iibri
1847 2138 2015 2219 στρογγύλον.

1266 2226 1345 2301 quod
1368 2227 1497 2284 correxit
1511 2231 1666 2285 Porsonns.
1680 2230 1725 2283 De
1739 2226 1838 2284 eadem
1856 2246 1951 2303 pugna
1967 2228 2015 2297 ilr-

1265 2317 1348 2393 ginus
1358 2322 1437 2374 Poet.
1446 2321 1565 2374 Astron.
1578 2319 1617 2389 11,
1628 2318 1646 2371 6
1659 2315 1720 2373 haec
1731 2328 1826 2373 namt
1841 2339 1872 2373 ει
1881 2314 2016 2389 AEschylm

1267 2418 1364 2463 autem
1379 2406 1408 2463 iu
1423 2403 1520 2463 sabula
1528 2448 1537 2478 ,
1551 2424 1613 2481 quae
1624 2402 1793 2461 inscribitur
1803 2400 2014 2483 Προμηθεθςλνό-

1266 2516 1354 2571 μενος,
1368 2494 1518 2552 Herculem
1532 2494 1573 2551 ait
1587 2513 1719 2550 essenon
1733 2513 1799 2551 com
1824 2492 1961 2561 dracone,
1974 2492 2014 2547 sed

1266 2604 1330 2641 cum
1351 2580 1504 2659 Liguribus
1528 2581 1750 2659 depugnantem.
1774 2580 1851 2638 llicit
1872 2581 1948 2637 enim
1967 2599 2016 2655 qno

1266 2684 1397 2748 tempore
1410 2670 1546 2727 Hercules
1563 2689 1581 2726 a
1594 2674 1730 2744 Geryone
1750 2666 1840 2725 bores
1858 2666 2016 2730 abduxerit,

1265 2760 1321 2817 iter
1334 2758 1433 2816 iecisse
1449 2778 1500 2835 per
1511 2759 1649 2836 Ligurum
1666 2757 1737 2813 fines
1752 2779 1760 2813 :
1775 2776 1848 2833 qnos
1861 2770 1975 2813 conatos
1986 2755 2016 2810 ab

1265 2867 1300 2903 eo
1313 2867 1400 2923 pecus
1413 2845 1567 2920 abducere,
1582 2865 1683 2903 manus
1696 2846 1851 2902 contulisse
1860 2857 1890 2903 et
1899 2846 2016 2920 complu·

1266 2954 1311 2993 res
1318 2955 1419 2993 eornm
1425 2936 1535 3011 sagittis
1544 2934 1712 2992 confixisse:
1725 2932 1775 2991 sed
1790 2946 1940 3010 postquam
1951 2936 2016 2989 Hrr-

1265 3024 1357 3080 culem
1373 3024 1428 3081 tela
1449 3022 1617 3093 delacerent,
1640 3021 1824 3079 multitudine
1842 3018 2017 3077 barbarorum

1265 3124 1293 3168 et
1315 3112 1415 3189 inopia
1430 3130 1576 3169 armorum
1597 3108 1739 3167 defessum
1759 3129 1789 3166 se
1813 3110 2017 3186 ingeniculasse.

1265 3198 1362 3257 mullis
1380 3198 1440 3276 jam
1463 3195 1629 3256 vulneribus
1654 3198 1787 3274 acceptis.
1809 3201 1911 3255 locem
1934 3208 2017 3253 autem

1266 3288 1415 3344 misertum
1430 3287 1479 3344 lilii
1500 3306 1630 3358 curasse,
1653 3297 1686 3342 ut
1703 3287 1780 3344 cirea
1791 3306 1858 3342 eum
1871 3306 1969 3361 magna
1980 3287 2014 3340 h-

1266 3376 1366 3453 pidum
1385 3377 1468 3452 copia
1480 3389 1573 3432 esset:
1586 3373 1693 3451 quibus
1711 3393 1742 3431 se
1755 3375 1907 3430 Herculem
1927 3374 2015 3430 delen-

1265 3462 1339 3519 disse
1350 3475 1378 3518 et
1389 3463 1486 3520 hostes
1498 3462 1619 3538 fugasse.
1628 3465 1730 3538 ltaque
1750 3466 1852 3517 lovem
1864 3459 2015 3517 similitun-

1264 3571 1328 3608 nem
1340 3551 1494 3628 pugnantis
1512 3550 1587 3607 inter
1604 3549 1699 3607 sideru
1717 3549 1908 3606 constituisse.
1921 3575 1932 3599 ι
1947 3547 2016 3604 Cous.

1263 3639 1373 3695 Theon.
1388 3639 1424 3695 ad
1442 3645 1523 3698 Arat.
1536 3637 1633 3696 Phaen.
1654 3639 1700 3708 75.

1304 3731 1502 3798 Hermannus,
1518 3727 1568 3803 qni
1592 3725 1720 3802 ignorari
1743 3724 1798 3797 ait,
1815 3723 1968 3780 edoetnsne
1988 3724 2017 3777 sil

1263 3834 1280 3870 a
1297 3815 1468 3872 Prometheo
1492 3815 1649 3889 Hercules,
1673 3812 1822 3892 quomodo
1838 3811 2018 3889 Hesperidum

1263 3903 1358 3978 pomis
1379 3923 1436 3980 ope
1456 3904 1579 3962 Atlantis
1594 3902 1747 3980 potiretur,
1764 3900 1917 3957 verisimile
1934 3913 2018 3956 tameo

1263 4009 1325 4046 esse
1345 4003 1428 4068 putat
1451 4003 1691 4048 commemoratos
1706 4010 1768 4048 esse
1793 3986 1940 4045 fabulosos
1963 3988 2019 4044 illos

1263 4077 1326 4153 [77]
1340 4104 1354 4127 ι
1363 4077 1552 4161 κυνοκεφάλους
1563 4090 1592 4136 et
1604 4077 1830 4157 οτερνορθᾶλμους
1842 4090 1872 4134 et
1886 4076 2019 4154 μονομμά·

1262 4189 1322 4230 τους
1335 4193 1363 4238 υ,
1375 4187 1449 4243 quos
1462 4167 1565 4225 Strabo
1577 4171 1601 4239 l,
1613 4186 1641 4243 p.
1656 4168 1693 4234 43
1703 4178 1733 4223 et
1744 4169 1809 4233 v11,
1820 4185 1846 4242 p.
1861 4185 1919 4240 ²99
1933 4165 2018 4242 Apol-

1263 4254 1489 4313 lodoroauctore
1498 4256 1535 4314 ab
1546 4255 1681 4330 AEschylo
1694 4253 1786 4311 dictos
1797 4253 2019 4311 reluctaverunt

1264 4342 1317 4399 hos
1326 4342 1362 4399 ad
1372 4343 1533 4401 Perseidem
1545 4343 1716 4420 pertinuisse
1725 4342 1928 4419 judicavimus.

1293 4564 1445 4630 exhalatim
1459 4563 1557 4620 acerba
1568 4571 1611 4619 est
1627 4579 1716 4635 neque
1728 4562 1825 4618 vitales
1837 4577 1959 4634 sapores.

1309 4717 1323 4752 ,
1617 4686 1665 4735 as.

1256 4786 1357 4842 venies
1371 4786 1407 4844 ad
1419 4787 1554 4861 Ligurum
1569 4774 1737 4858 intrepidum
1747 4784 1907 4851 exercitum,

1256 4865 1305 4921 nbi
1316 4882 1448 4938 pugnam,
1466 4866 1591 4940 quamvis
1603 4866 1750 4921 bellicosus
1763 4866 1813 4928 sis,
1827 4865 1855 4920 id
1871 4863 1940 4919 satis
1949 4863 2020 4926 uoti,

1257 4963 1312 5004 non
1340 4948 1484 5020 culpabis,
1509 4947 1651 5004 decretum
1671 4948 1744 5002 enim
1773 4955 1816 5002 est
1838 4944 1885 5001 hic
1915 4953 1942 5000 te
1971 4945 2020 4998 tela

1832 5023 2018 5095 [derelictum

1262 5105 1370 5162 nullum
1385 5121 1450 5162 vero
1460 5104 1579 5178 lapidem
1588 5104 1624 5161 de
1635 5113 1707 5161 terra
1718 5119 1815 5176 capere

1263 5185 1377 5257 poteris,
1386 5185 1518 5259 quoniam
1529 5194 1588 5242 tota
1598 5184 1672 5258 regio
1683 5184 1834 5241 rnollisest.
1926 5182 2020 5253 [bitur.

1260 5267 1381 5321 Cernens
1392 5281 1455 5320 reru
1467 5273 1496 5321 le
1513 5264 1622 5336 Jupiter
1632 5279 1792 5338 oppressum
1807 5262 1899 5336 inopia
1909 5263 2020 5318 misera·

1258 5343 1416 5416 nubemque
1424 5341 1594 5399 subtendens
1604 5343 1693 5398 imbro
1702 5341 1886 5398 rotundorum
1899 5340 2019 5413 lapidum

1258 5421 1404 5477 obscuram
1419 5421 1516 5478 reddet
1525 5430 1639 5486 lenanu
1654 5421 1756 5493 qtribus
1770 5429 1864 5492 postea
1880 5435 1967 5492 pugna

1259 5500 1426 5556 contendens
1448 5499 1529 5556 focile
1548 5498 1693 5572 superabis
1711 5499 1845 5569 Ligurum
1862 5499 2017 5556 exercitum.
