4567 6425
418 741 475 791 346

417 873 525 923 versus
534 860 559 918 si
570 858 623 915 fuit
636 854 790 931 tragoediae,
806 851 934 911 Xuthum
946 868 1061 907 necesse
1071 859 1114 903 est
1128 864 1178 923 pa-

418 967 491 1010 trem
504 949 582 1009 Ionis
595 945 724 1023 cogitari,
738 962 796 999 non
808 941 980 1019 Apoiiinetn.

746 1107 857 1122 ...-

725 1198 874 1275 nonus.

459 1346 553 1404 Variae
573 1356 639 1401 sunt
661 1342 787 1399 virorum
813 1341 964 1399 doctorum
980 1334 1128 1395 sententia
1148 1331 1183 1389 de

421 1435 476 1492 hac
488 1431 634 1511 tragoedia.
652 1428 839 1488 casaubonus
850 1440 879 1485 et
895 1438 961 1505 post
971 1444 1037 1482 eum
1054 1421 1185 1497 Meynius

421 1534 620 1597 argumentum
647 1519 733 1576 inisse
757 1528 897 1595 putarunt
923 1514 1005 1590 AEgei
1032 1511 1186 1569 adventum

422 1618 563 1671 Troeaeua
575 1607 611 1667 ad
625 1608 781 1675 Pittheam,
791 1618 824 1662 ut
835 1605 912 1661 hunc
919 1602 956 1675 de
965 1602 1096 1672 oraculo,
1107 1597 1186 1676 qnod

422 1699 544 1776 Delphis
558 1696 594 1754 de
607 1694 706 1753 liberis
722 1690 883 1769 quaerendis
896 1690 922 1747 ei
936 1687 1111 1764 contigisset,
1122 1706 1189 1741 cnu-

423 1791 544 1859 sulerct;
567 1785 713 1844 Pittheam
735 1780 840 1838 deinde
861 1778 897 1835 ad
917 1778 999 1836 iiiutn
1016 1777 1084 1833 vino
1104 1786 1189 1833 antea

424 1875 601 1935 inebriatum
624 1871 754 1930 AEthrant
774 1870 861 1926 iiiiam
884 1865 1054 1936 adduxisse,
1071 1884 1109 1920 ex
1133 1882 1190 1940 qna

424 1966 568 2024 Theseum
581 1959 723 2039 genuerit.
735 1957 810 2014 Piut.
824 1954 910 2013 Thes.
922 1954 957 2023 33
971 1952 1064 2030 npott.
1076 1956 1132 2027 tlt,
1146 1951 1191 2021 15,

425 2053 453 2109 6.
462 2050 630 2109 Wcicketus
643 2046 712 2103 iihtd
726 2056 838 2122 partem
852 2040 1012 2118 argumenti
1026 2040 1113 2097 inisse
1126 2059 1203 2097 cen-·

426 2150 485 2215 set,
500 2132 708 2213 argumentum
720 2144 818 2189 autem
833 2130 927 2207 ipsum
946 2128 1071 2205 ignorari
1084 2127 1133 2185 ait.
1153 2129 1192 2185 At

426 2247 485 2285 non
500 2238 567 2284 sunt
577 2224 650 2281 adeo
660 2220 784 2279 obscura
798 2220 966 2296 fragmenta,
978 2229 1011 2274 ut
1024 2206 1194 2295 noh'aiiqua

427 2317 528 2374 saitem
551 2310 676 2370 inveniri
697 2308 826 2387 possint,
849 2327 914 2383 qnae
935 2304 1102 2383 tragaediam
1128 2305 1194 2363 illu-

428 2413 530 2462 strent.
544 2404 626 2456 lnter
645 2416 678 2454 ea
697 2415 786 2453 unum
802 2407 864 2467 est,
884 2414 943 2471 quo
963 2396 1067 2470 AEgeus
1083 2404 1196 2473 narrat,

428 2510 488 2569 qun
501 2485 629 2546 Pandion
643 2483 730 2542 modo
747 2495 852 2541 terram
868 2482 993 2540 Atticam
1009 2480 1075 2538 filiis
1091 2478 1196 2537 divise·

430 2578 476 2636 rit.
499 2580 580 2633 luter
603 2572 656 2630 hos
678 2571 770 2629 Paiias
784 2572 932 2648 praecipua
956 2569 1042 2628 laude
1058 2563 1197 2644 distingui

429 2665 554 2722 videtur.
564 2682 622 2719 non
635 2660 686 2738 qui
698 2679 821 2737 praesens
834 2659 921 2717 suerit
932 2657 1073 2728 narranti,
1085 2656 1134 2714 sed
1147 2656 1197 2733 qui

430 2750 499 2810 hnic
513 2751 668 2808 maximum
686 2762 795 2805 metum
809 2748 902 2805 iacere
916 2748 1056 2824 potuerit.
1073 2745 1199 2823 Apollo-

430 2840 520 2899 dorus
531 2851 625 2897 autem
642 2836 724 2895 addit
735 2841 789 2907 111,
806 2835 851 2905 15,
862 2836 901 2912 65
916 2830 978 2891 ἔνιοι
991 2832 1019 2891 δὲ
1031 2830 1115 2908 Αἰγέα
1132 2832 1199 2890 Σκυ

435 2928 490 3007 ρίου
504 2916 571 2985 εἶναι
583 2923 720 3002 λέγουσιν·
736 2922 919 2994 θποὸληθῆναι
935 2919 963 2980 δὲ
977 2918 1027 2979 harh
1045 2919 1199 2986 Πανδίονος.

432 3023 469 3077 Ει
488 3017 575 3093 panio
588 3029 672 3092 post:
686 3017 720 3077 ὡς
735 3012 763 3071 δὲ
784 3017 830 3072 οὐκ
845 3010 947 3088 ἐγένετο
967 3019 1029 3075 παῖς
1054 3012 1140 3090 αὐτῷ,
1155 3010 1199 3067 δε-

436 3103 530 3168 δοικὼς
542 3100 602 3169 τούς
615 3100 739 3182 ἀδελφούς
753 3104 790 3167 εἰς
804 3100 906 3161 Πυθίαν
919 3090 983 3169 ἦλθε
996 3099 1041 3157 καί
1060 3098 1120 3178 περὶ
1136 3121 1175 3156 πα
1180 3098 1201 3155 ί-

435 3195 486 3253 δων
500 3194 577 3270 γονῆς
589 3188 751 3266 ἐμαντεύετο.
766 3193 832 3248 Non
848 3190 934 3266 igitur
950 3188 1144 3248 dubitandum
1159 3200 1202 3246 est

435 3282 506 3358 quin
529 3280 614 3336 timor
635 3279 737 3355 AEgei,
759 3297 796 3335 oe
812 3297 932 3354 regnum
951 3279 1113 3349 amitteret,
1136 3297 1203 3354 pars

437 3366 581 3444 tragoediae
593 3367 689 3424 suerit.
702 3372 740 3424 At
754 3365 832 3442 apud
846 3366 1029 3424 Plutarchum
1046 3365 1201 3425 VitThes.

437 3479 462 3516 c.
477 3457 582 3514 t3haec
591 3468 675 3512 suut:
686 3457 721 3513 Oi
734 3453 761 3511 δὲ
772 3454 954 3512 Παλλαντίδαι
963 3453 1088 3534 πρότερον
1100 3454 1147 3533 μὲν
1160 3453 1203 3523 ἧλ-

438 3546 511 3611 πιζον
532 3541 605 3600 αιίτοί
620 3540 668 3611 τὴν
685 3540 819 3618 βασιλείαν
839 3541 966 3618 καθέξειν,
980 3542 1080 3620 Αἰγέως
1096 3543 1204 3601 ἀτέκνου

440 3628 657 3700 τελευτήσαντος·
675 3628 730 3686 ἐπεὶ
745 3629 773 3685 δὲ
787 3626 889 3698 Θησεύς
910 3629 1052 3706 ἀπεδείχθη
1068 3631 1204 3708 διάδοχος,

440 3719 564 3798 χαλεπῶς
578 3715 698 3799 φέροντες
715 3718 737 3774 εἰ
757 3715 889 3795 βασιλεύει
901 3715 949 3794 μὲν
963 3716 1057 3792 Αἰγεύς
1070 3718 1141 3783 θετὸς
1156 3741 1203 3795 γε·

439 3806 546 3882 νόμενος
555 3805 681 3866 Πανδίονι
695 3804 740 3864 καὶ
755 3802 836 3880 μηδὲν
852 3804 1030 3885 Ἐρεχθείδαις
1039 3804 1180 3884 προσήκων
1195 3851 1203 3878 ,

442 3892 590 3972 βασιλεύσει
601 3893 622 3951 δ’
635 3897 649 3951 θ
660 3892 765 3964 Θησεύς
773 3893 851 3950 πάλιν
864 3892 961 3964 ἔπηλυς
969 3893 1006 3951 ὢν
1020 3893 1065 3950 καὶ
1080 3893 1158 3964 ξένος,
1171 3896 1205 3958 εἷς

440 3982 556 4060 πολεμον
575 3981 747 4040 καθίσταντο’
769 3980 815 4039 ’καὶ
841 3979 966 4045 διελόντες
990 3979 1124 4046 ἑαυτοὺς...
1140 3979 1202 4051 ἐνή-

442 4069 530 4148 δρευον
540 4071 575 4132 ὡς
587 4068 688 4146 διχόθεν
698 4067 881 4145 ἐπιθησόμενοι
890 4076 943 4134 τοῖς
955 4066 1125 4136 ὑπεναντίοις·
1135 4059 1166 4136 ἦν
1179 4067 1206 4126 δὲ

443 4155 525 4237 κῆρυξ
537 4155 593 4232 μετ’
604 4157 688 4214 αὐτῶν
702 4155 767 4237 ἀνὴρ
778 4155 923 4232 Ἁγνούσιος
935 4155 1020 4233 ὄνομα
1033 4155 1121 4221 Λεώς·
1132 4149 1204 4221 ohan:

446 4243 579 4321 ἐξήγγειλε
592 4247 630 4323 τῷ
644 4247 730 4316 Θησεῖ
747 4243 780 4302 td
800 4243 994 4324 βεδουλευμὲνα
1013 4253 1066 4310 τοῖς
1085 4247 1208 4304 Παλλαν-

448 4330 538 4395 τίδαις.
549 4328 584 4390 ‘0
596 4330 624 4387 δὲ
633 4330 753 4410 ἰξαίρνης
765 4327 896 4390 ἐπιπεσὼν
902 4340 956 4398 τοῖς
967 4329 1129 4411 ἐνεδρεύουσι
1139 4329 1208 4389 πείν-

447 4439 494 4481 τας
505 4415 659 4498 διίρθειρεν,
672 4421 697 4476 οἱ
710 4417 738 4477 θλ
751 4419 820 4496 μετὰ
834 4425 878 4477 τοῦ
900 4419 1052 4486 Πάλλαντος
1066 4419 1210 4497 πυθόμενοι

446 4504 633 4584 διεσπάρησαν.
657 4507 769 4581 Quibus
794 4507 820 4565 si
847 4506 972 4565 addatur
996 4508 1075 4584 quod
1104 4512 1209 4584 AEgeus

446 4592 555 4654 AEtlu·ae
579 4594 750 4671 praecepisse
772 4606 923 4667 narratur,
948 4614 987 4652 nc
1014 4596 1061 4652 cui
1086 4595 1212 4653 ediceret

446 4680 529 4756 cujus
538 4681 613 4738 [iiius
623 4681 841 4753 essetTheseus,
852 4695 1052 4760 argumentum
1064 4682 1212 4759 tragoediae

448 4767 604 4827 obscurum
624 4788 685 4828 esse
708 4789 767 4826 non
792 4782 895 4846 potest.
916 4777 1012 4848 Atque
1035 4783 1078 4828 est
1094 4791 1211 4848 quoque

450 4855 653 4934 fragmentum,
677 4878 735 4934 qun
752 4863 882 4932 Taurus,
904 4857 1011 4916 fluvius
1031 4861 1212 4930 Troeaenius,

450 4959 641 5017 memoratum
657 4967 716 5024 qun
730 4947 869 5015 efficitur,
885 4962 917 5006 ut
931 4947 1037 5006 Thesei
1053 4967 1178 5026 persona
1195 4967 1211 5004 a

803 5184 865 5234 539.

481 5271 553 5342 Ιιἐιοτ
562 5271 623 5321 ιιιιιιι
635 5273 749 5336 praecepit
760 5276 789 5323 ut
805 5275 915 5326 inlitora
930 5275 1003 5338 hujus
1021 5279 1093 5328 terne
1109 5276 1216 5338 abirem,

454 5331 514 5380 mtttt
525 5344 645 5384 summam
656 5335 750 5398 imperit
761 5337 906 5399 attribuens,
916 5345 980 5401 Lym
990 5353 1047 5389 reto
1102 5369 1110 5378 -

455 5419 618 5496 Oppositum
633 5420 743 5480 hortum
758 5423 870 5482 Euboeat
882 5425 1043 5498 assignans,

964 712 1173 775 soefloctns
1196 705 1439 768 FRAGMENTA.

1233 838 1370 917 tragoedia
1391 836 1505 893 excludi
1521 856 1577 891 non
1598 833 1704 911 possit;
1726 852 1759 891 an
1772 844 1838 891 sunt
1858 848 1978 911 praterea

1235 930 1474 1005 unguentaque
1485 924 1637 1002 perspicue
1645 920 1680 979 ad
1691 922 1835 979 Theseum
1845 923 1978 999 ρετιὶιιειιι.

1235 1026 1335 1093 ltaque
1348 1014 1492 1093 primariae
1503 1024 1600 1089 partes
1611 1008 1756 1086 tragoediae
1766 1009 1921 1066 tribuendae
1930 1024 1980 1067 sunt

1237 1107 1323 1181 AEgeo
1343 1114 1371 1160 et
1388 1102 1518 1173 Theseo,
1538 1100 1568 1157 in
1590 1117 1650 1176 quo
1671 1112 1764 1155 tamen
1785 1098 1920 1155 incertum
1932 1112 1981 1165 est,

1238 1212 1305 1251 nunt
1320 1190 1411 1249 Pallas
1425 1190 1470 1247 vel
1486 1186 1591 1247 Medea
1604 1186 1765 1244 introducti
1778 1186 1844 1243 sint.
1862 1185 1906 1245 Cf.
1924 1188 1982 1243 nn

1237 1282 1298 1339 Vit.
1313 1279 1401 1337 Thes.
1419 1299 1463 1335 ra.

1278 1374 1488 1444 Argumentum
1504 1362 1592 1440 igitur
1607 1362 1726 1419 sonasse
1739 1360 1767 1418 in
1782 1359 1861 1418 hunc
1875 1360 1928 1416 sere
1941 1382 1985 1416 no

1240 1454 1307 1513 dum
1318 1453 1510 1529 compositum
1523 1450 1588 1509 tuit.
1598 1448 1706 1525 AEgeus
1718 1448 1815 1506 multis
1828 1450 1984 1522 miseriisop

1243 1562 1357 1620 prossus
1369 1542 1445 1600 inter
1458 1539 1593 1597 homines
1607 1536 1726 1595 infestos
1737 1534 1808 1603 sibi,
1820 1536 1985 1599 Pallantide,

1243 1632 1392 1709 ipsiusque
1406 1628 1558 1704 conjugem
1580 1624 1711 1683 Medeam
1726 1645 1784 1681 non
1803 1636 1880 1681 certa
1894 1643 1985 1701 posscs-

1243 1721 1324 1777 sione
1343 1716 1460 1793 imperii
1482 1728 1579 1794 sperat
1600 1715 1663 1771 iore
1686 1725 1718 1771 ut
1741 1712 1855 1769 tandem
1876 1714 1986 1769 adveniat

1245 1806 1337 1875 iilius,
1359 1824 1444 1880 quern
1465 1822 1554 1859 unuin
1575 1799 1694 1871 habuit,
1715 1800 1853 1858 educatus
1867 1798 1936 1879 apud
1952 1820 1987 1853 sa·

1246 1894 1371 1971 pientem
1392 1891 1537 1950 Pittheum
1563 1889 1739 1964 orandoque
1764 1888 1932 1957 destinatus,
1950 1890 1987 1961 qui

1246 1981 1302 2040 sihi
1312 1980 1449 2039 auxilium
1463 1979 1600 2037 adversus
1609 1978 1741 2035 inimicos
1751 1978 1788 2034 sit
1799 1976 1988 2049 laturus.Qnod

1247 2070 1349 2146 AEgeus
1359 2080 1454 2125 autem
1464 2064 1645 2144 exspectabat
1656 2108 1665 2135 ,
1677 2066 1706 2123 id
1715 2066 1883 2123 Pallantidis
1895 2066 1989 2121 minine

1248 2167 1360 2234 gratum
1373 2154 1386 2211 s
1386 2155 1436 2225 uit,
1446 2154 1494 2233 qui
1505 2154 1584 2229 regni
1597 2154 1805 2209 successionem
1816 2151 1870 2209 sibi
1881 2164 1989 2229 ereptant

1249 2245 1285 2302 iri
1306 2242 1462 2311 timebant,
1483 2262 1578 2317 nequo
1593 2240 1699 2298 Medea
1715 2240 1837 2318 placuit,
1857 2262 1917 2315 qtae
1935 2238 1990 2295 iihe-

1251 2350 1298 2390 ros
1313 2350 1402 2409 quum
1423 2342 1499 2388 essct
1512 2331 1601 2407 AEgeo
1614 2329 1753 2407 pollicita,
1770 2340 1869 2405 postea
1884 2328 1992 2383 nuilosn

1251 2422 1373 2500 peperit.
1393 2426 1561 2479 interventu
1576 2421 1705 2498 Neptuni
1724 2420 1829 2477 accidit
1841 2433 1872 2478 ut
1887 2420 1993 2477 Thcsnu
2053 2425 2060 2438 '

1252 2510 1362 2585 magnis
1376 2509 1512 2585 periculis
1529 2508 1672 2587 superatis
1686 2528 1721 2566 eo
1743 2508 1807 2585 ipso
1825 2522 1944 2585 ternpore
1957 2526 1992 2562 te

1252 2598 1326 2655 niret
1345 2597 1484 2669 Athenas,
1499 2618 1558 2674 quo
1572 2602 1676 2673 AEgcus
1694 2598 1818 2654 maxime
1832 2596 1936 2655 insidiis
1947 2608 1994 2651 nat

1252 2685 1454 2745 circumdatus.
1477 2686 1580 2743 Medea
1598 2684 1761 2761 suspicatur
1782 2684 1832 2761 qui
1847 2686 1881 2741 sit
1900 2684 1994 2741 doiunr·

1253 2795 1309 2853 que
1321 2774 1459 2832 adversus
1472 2773 1553 2831 iilum
1566 2786 1661 2851 parat,
1673 2778 1824 2851 AEgeoque
1839 2772 1929 2830 studet
1941 2790 1994 2849 per-
2069 2842 2070 2847 ρ

1253 2864 1394 2933 suadere,
1416 2874 1448 2919 ut
1467 2862 1504 2920 de
1524 2861 1619 2919 medio
1642 2862 1723 2918 tollat
1748 2860 1899 2939 hospitem.
1918 2864 1994 2933 Quum

1251 2950 1309 3029 jam
1324 2952 1353 3008 in
1370 2971 1404 3007 eo
1419 2961 1493 3008 esset
1508 2961 1541 3007 ut
1559 2954 1664 3025 AEgeus
1678 2950 1830 3007 consilium
1847 2967 1994 3025 exsequere-
2071 2979 2072 3009 ι

1255 3053 1311 3111 tur,
1323 3038 1453 3097 Theseus
1465 3058 1481 3096 a
1494 3052 1576 3116 patre
1590 3038 1686 3117 gladio
1704 3037 1835 3095 eburneo
1847 3036 1989 3115 agnoscitur
2072 3075 2073 3085 ,

1255 3127 1358 3185 Medea
1384 3126 1473 3203 sugit,
1496 3126 1663 3185 Pallantide
1684 3126 1749 3203 ipso
1771 3126 1870 3183 Thesei
1893 3126 1996 3181 athentu

1256 3228 1459 3288 removentur,
1473 3229 1559 3294 atque
1579 3215 1647 3274 huic
1664 3217 1717 3294 ipsi
1740 3235 1858 3294 regnum
1873 3217 1996 3272 confima-

1258 3317 1314 3362 tur.
1328 3305 1443 3363 Chorus
1459 3305 1520 3362 sine
1534 3303 1623 3362 dubio
1642 3325 1676 3362 cx
1696 3301 1916 3362 Atheniensibus
1932 3321 1995 3356 coa-

1257 3393 1369 3470 pnsitus
1384 3393 1447 3450 suit,

1295 3486 1401 3557 AEgens
1420 3479 1537 3538 videtur
1558 3480 1621 3556 ipse
1636 3479 1827 3556 periculosam
1845 3475 1942 3554 imperii
1962 3471 1996 3530 sui

1258 3568 1453 3626 conditionem
1467 3569 1642 3644 exposuisse,
1656 3580 1686 3624 ut
1703 3580 1745 3626 est
1761 3567 1837 3642 apud
1851 3563 1997 3622 Strabonen.

1258 3661 1310 3726 tx,
1327 3677 1357 3734 p.
1370 3657 1426 3732 39²
1440 3679 1446 3712 ι
1465 3657 1490 3714 Τ
1490 3653 1522 3726 ἦν
1536 3657 1570 3720 εἷς
1584 3655 1695 3734 τέτταρα
1705 3651 1773 3733 μίρη
1789 3651 1907 3729 διανομὴν
1924 3651 1995 3706 driu-r

1261 3743 1346 3809 ι’ίλλυις
1352 3743 1493 3823 εἰρηκότων
1502 3745 1663 3822 ἀρκεῖταῦτα
1671 3743 1743 3822 παρὰ
1755 3737 1994 3822 Σοροιύέυυςλαδεῑι.

1262 3828 1344 3917 [539]
1358 3831 1434 3903 Φησὶ
1450 3831 1473 3890 δ’
1485 3835 1499 3888 θ
1510 3830 1604 3908 Αἰγεὺς
1616 3829 1656 3890 ὅτι
1667 3835 1681 3888 θ
1693 3828 1782 3908 πατὴρ
1793 3829 1882 3910 ὥρισεν
1895 3825 1943 3902 ἐμοὶ
1955 3821 1994 3900 pir

1262 3919 1383 3977 ἀπελθεῖν
1404 3921 1439 3986 εἰς
1453 3916 1532 3984 ἀκτὰς
1546 3920 1625 3989 τῆσδε
1643 3923 1691 3996 γῆς
1708 3919 1834 3998 πρεσύεῖιι
1852 3917 1945 3994 νείμας,
1965 3913 1996 3966 tf·

1262 4003 1288 4064 δὲ
1305 4005 1386 4085 Λύκῳ

1262 4125 1312 4189 τὸν
1331 4121 1527 4214 οἱντίπλευρον
1545 4133 1641 4196 κῆπον
1660 4119 1906 4214 Εὐδιίαςνὲμων·

1262 4239 1347 4324 Νίσῳ
1362 4231 1396 4304 δὲ
1412 4243 1467 4313 τήν
1485 4242 1617 4328 ὅμαυλον
1632 4233 1743 4328 ἐξαιρεῖ
1757 4239 1852 4329 χθόνα

1263 4352 1422 4444 Σκείρωνος
1440 4354 1546 4430 ἀκτῆς·
1564 4363 1619 4430 τῆς
1635 4343 1669 4418 δὲ
1685 4365 1740 4446 γῆς
1758 4355 1794 4420 τὸ
1808 4355 1879 4442 πρὸς
1893 4351 1964 4416 νότον

1263 4471 1279 4533 ὁ
1292 4467 1420 4558 σκληρὸς
1435 4465 1523 4544 οὗτος
1536 4465 1587 4532 καὶ
1597 4470 1743 4560 γίγαντας
1761 4469 1905 4559 ἐκτρέφειν

1264 4579 1364 4672 εὶληχε
1382 4577 1522 4658 Ποίλλας.

1266 4693 1313 4766 (V.
1327 4709 1344 4747 a
1362 4688 1530 4748 Dindorfins
1544 4687 1658 4764 δμαυλον
1674 4691 1799 4754 restituit
1816 4712 1852 4750 ex
1864 4689 1923 4748 iibri
1937 4683 1998 4744 rat·

1265 4778 1320 4835 sini
1332 4781 1475 4854 scriptura
1489 4776 1631 4856 θμαυδον.)
1646 4777 1773 4836 Theseus
1786 4779 1885 4838 deinde
1899 4779 1999 4832 interre-

1266 4865 1347 4923 nicns
1369 4866 1407 4924 ab
1431 4871 1522 4942 AEgeo
1550 4868 1766 4944 interrogatur,
1792 4869 1856 4946 quis
1880 4867 1921 4922 sit.
1945 4867 2000 4932 Qu:

1267 4954 1498 5030 respondentur,
1523 4975 1581 5012 non
1615 4955 1700 5031 plane
1723 4957 1895 5014 satisfaciunt
1920 4953 1999 5026 ἅζεο.

1269 5146 1335 5203 Niso
1350 5147 1501 5230 temfleiigit
1512 5157 1610 5204 terram
1625 5158 1775 5222 porrectam

1270 5216 1306 5272 ad
1317 5221 1439 5275 Scironis
1452 5219 1545 5286 httus3
1563 5223 1634 5292 quod
1652 5229 1744 5343 χιιιειιι
1761 5219 1842 5294 hujus
1857 5229 1927 5275 terra
1937 5225 2001 5270 uuit

1271 5356 1388 5414 emdelis
1402 5357 1505 5431 hirqui
1518 5360 1650 5432 Gigantas
1664 5299 1853 5416 eldtihiimt'

1273 5427 1361 5486 ranas
1374 5429 1487 5501 accepit.
