4567 6425
613 781 637 824 u
1174 755 1388 814 PuAEr'arto.

614 895 684 972 ubi
703 897 792 970 satis
818 894 913 969 scias
928 890 1089 968 meliora
1117 908 1155 967 et
1183 892 1221 966 in
1247 907 1434 996 promptu
1444 877 1531 967 ¹esse
1557 907 1596 968 et
1613 889 1664 967 ab
1683 891 1767 969 aliis
1785 894 1930 972 ascita?

613 1029 769 1134 Rejecta
787 1032 882 1104 vero
902 1023 1101 1102 Dindorfii
1124 1022 1297 1100 editione
1318 1021 1426 1100 nulla
1453 1022 1526 1100 alia
1559 1022 1651 1119 fuit,
1674 1052 1793 1131 quam
1820 1055 1932 1132 pron

584 1157 588 1165 ’
611 1188 675 1236 sus
692 1186 889 1266 sequerer.
917 1159 1057 1264 ltaque
1075 1156 1174 1232 nilril
1195 1172 1279 1232 erat
1295 1155 1491 1261 reliquum
1511 1155 1583 1230 nisi
1599 1171 1644 1232 ut
1659 1154 1812 1234 codices
1830 1157 1840 1233 i
1845 1185 1933 1263 psos

609 1289 855 1368 consulerem
882 1291 1085 1396 ipsamque
1111 1287 1308 1366 Dindorsii
1336 1286 1548 1364 editionem
1579 1287 1631 1364 ita
1656 1313 1861 1393 sequerer,
1891 1307 1934 1368 ut

612 1421 744 1518 locos,
777 1423 818 1498 in
849 1420 995 1529 quibus
1030 1421 1288 1498 necessarium
1324 1417 1565 1512 videbatur,
1601 1419 1838 1524 corrigerem
1871 1421 1932 1499 vel

614 1554 794 1632 codicum
807 1553 982 1632 subsidio
1003 1553 1064 1631 vel
1085 1581 1130 1630 ex
1152 1553 1388 1658 conjectura.
1411 1553 1556 1628 Verum
1576 1569 1697 1629 totam
1714 1579 1796 1629 rem
1817 1551 1934 1631 ador·

612 1687 700 1762 navi
726 1686 800 1764 hac
831 1686 932 1792 lege,
956 1705 1001 1764 ut
1032 1714 1113 1763 non
1138 1684 1289 1791 ubique
1310 1713 1393 1762 mea
1416 1711 1504 1791 quae
1528 1683 1749 1789 scripserim
1771 1711 1933 1790 prorsus

611 1845 702 1893 vera
726 1843 805 1896 esse
830 1819 1097 1923 pronunciare
1122 1816 1250 1893 velim.
1273 1817 1407 1920 Longe
1439 1816 1667 1920 corruptior
1685 1833 1741 1892 est
1774 1815 1936 1918 AEschy·

611 1949 671 2025 lus
694 1964 733 2025 et
747 1946 976 2041 abstrusior
997 1975 1116 2054 quam
1142 1964 1187 2024 ut
1214 1964 1300 2025 tuto
1322 1947 1532 2025 constituas
1550 1943 1647 2053 quid
1663 1945 1716 2023 'ab
1742 1947 1811 2024 illo
1840 1949 1934 2026 scri-

610 2096 723 2183 ptum
747 2078 806 2154 sit.
833 2076 1032 2154 Permulta
1062 2105 1155 2154 sane
1175 2077 1399 2154 necessitate
1418 2093 1574 2154 coactus
1589 2078 1705 2154 ascivi
1721 2095 1765 2155 ut
1782 2079 1813 2156 si
1831 2077 1930 2154 nihil

610 2205 716 2286 aliud
740 2210 972 2286 sententiam
992 2227 1123 2286 tamen
1141 2207 1349 2322 efficerem.
1373 2207 1411 2285 Si
1432 2226 1562 2285 autem
1585 2209 1784 2314 putaveris
1802 2207 1936 2286 editio·

611 2367 701 2417 nem
715 2366 841 2416 meam
854 2339 1009 2444 longius
1024 2337 1207 2417 recedere
1221 2339 1272 2416 ab
1284 2340 1516 2417 auctoritate
1526 2337 1708 2417 codicum
1721 2367 1841 2446 quam
1853 2339 1936 2416 reli·

595 2469 977 2576 'quas3valdefalsus
987 2471 1346 2577 erisUbicumqne,
1361 2469 1493 2578 quoad
1505 2469 1587 2547 fieri
1600 2472 1743 2576 potuit,
1754 2472 1937 2578 antiquos

503 2665 507 2681 ,
610 2602 734 2681 libros
758 2623 913 2682 secutus
937 2605 1053 2682 etiam
1077 2603 1375 2710 speciosissimas
1394 2602 1639 2708 conjecturas
1661 2604 1838 2681 virorum
1863 2603 1936 2681 do·

596 2751 765 2812 ·ctorum
787 2723 1016 2842 rejiciendas
1043 2736 1201 2842 putavi,
1233 2763 1330 2842 qiras
1349 2753 1433 2811 tum
1447 2733 1607 2812 dennnn
1627 2736 1742 2812 ascivi
1765 2720 1836 2813 tibi
1856 2764 1935 2813 ma—

611 2867 753 2947 nifesto
781 2867 932 2975 aliquid
960 2869 1185 2974 conjectura
1218 2864 1481 2944 asciscendum
1510 2865 1593 2943 snit.
1619 2867 1711 2944 Haec
1730 2893 1826 2944 vero
1853 2867 1934 2972 ipsa

610 2999 662 3073 it'a
689 3025 794 3075 ame
825 2996 1093 3075 administrata
1120 3015 1238 3092 sunt,
1273 3014 1317 3073 nt
1348 2997 1478 3073 omnia
1515 2997 1692 3100 precario
1723 2995 1933 3074 scriberem

596 3146 851 3236 ,paratusque
876 3157 995 3206 essem
1021 3129 1085 3204 illa
1116 3130 1196 3235 ipsa
1223 3129 1407 3235 rejicere,
1445 3129 1473 3206 si
1504 3127 1665 3206 meliora
1690 3130 1732 3204 in
1761 3127 1934 3206 medium
2044 3137 2048 3146 '

608 3262 856 3339 afferrentur.
882 3262 1066 3340 Ceterum
1095 3291 1145 3339 ne
1175 3263 1264 3369 (μιῆς
1279 3261 1442 3340 consilio
1464 3289 1549 3339 meo
1571 3263 1751 3366 ignorato
1785 3288 1847 3339 me
1869 3289 1932 3339 ac·

607 3391 737 3487 cuset,
768 3392 889 3469 multa
912 3393 1039 3469 aliena
1060 3422 1082 3469 a
1111 3420 1170 3470 me
1204 3410 1358 3497 recepta
1392 3418 1471 3469 esse
1493 3392 1634 3469 omisso
1664 3391 1824 3467 nomine
1852 3392 1935 3497 ejus

607 3524 676 3630 qui
703 3524 853 3629 primus
885 3526 1121 3631 occupacit:
1156 3525 1252 3603 illud
1281 3554 1373 3603 sane
1404 3525 1639 3630 negligentia
1669 3550 1752 3601 mea
1786 3523 1933 3602 factum

607 3672 684 3747 est,
707 3656 801 3761 quia
828 3654 975 3734 oblitus
1001 3686 1087 3734 snm
1118 3659 1277 3735 nomina
1309 3656 1532 3735 adscribere
1560 3682 1699 3733 eornm
1724 3658 1795 3763 qui
1824 3684 1935 3763 repe-

609 3804 748 3863 rerunt
769 3786 935 3865 editioni
967 3783 1270 3867 Wellauerianae
1304 3816 1383 3895 qua
1417 3787 1580 3881 utebar,
1617 3786 1737 3894 idque
1768 3786 1951 3875 feceram,

609 3916 735 3995 multo
752 3936 842 3997 ante
861 3906 980 4026 qiram
1005 3922 1099 3997 milii
1124 3922 1163 3998 in
1185 3909 1351 3999 mentem
1371 3938 1530 3999 venerat
1551 3918 1669 3997 edere
1690 3920 1931 4025 AEschylum.

609 4056 805 4154 Quocirca
835 4056 940 4136 bona
968 4088 1057 4166 quse
1082 4062 1253 4166 protuli,
1277 4060 1403 4140 aliena
1419 4078 1539 4164 pnta;
1567 4089 1655 4167 quae
1687 4062 1842 4159 minus,
1864 4061 1933 4140 ad-

609 4186 735 4264 scribe
755 4189 862 4266 milii.

661 4318 826 4399 Codices
853 4321 1035 4428 plerique
1070 4339 1162 4400 sunt
1192 4321 1382 4429 ejusmodi
1418 4341 1461 4402 ut
1489 4350 1693 4430 nunqnam
1733 4324 1814 4401 sere
1845 4324 1934 4401 satis

608 4467 693 4527 tuto
720 4452 765 4529 iis
801 4454 976 4533 confidas
1011 4454 1366 4562 depreliendasque
1407 4454 1557 4563 ubique
1589 4454 1733 4533 indicia
1763 4454 1933 4561 plurima

608 4572 901 4680 correctorum,
931 4588 972 4663 in
1001 4589 1140 4692 primis
1165 4586 1357 4665 Triclinii.
1383 4588 1491 4666 Inter
1515 4614 1650 4666 omnes
1682 4604 1812 4663 tamen
1836 4587 1931 4661 emi-

607 4731 674 4791 net
700 4715 826 4793 codex
852 4716 1078 4797 blediceus:
1099 4738 1295 4826 postcom
1315 4720 1692 4826 Gnelplierbytanus
1717 4736 1755 4795 et
1788 4717 1932 4821 llcgius

607 4844 803 4924 Parisinus
825 4849 952 4945 3521,
987 4860 1035 4931 ab
1063 4850 1248 4930 Askewio
1271 4852 1454 4937 collatus,
1481 4869 1520 4929 et
1542 4852 1568 4927 ii
1595 4850 1740 4956 quibus
1761 4876 1851 4927 usus
1876 4867 1931 4927 est
2033 4872 2037 4881 ’

606 4977 871 5056 Robortellus.
914 4981 1143 5061 Dolendnm
1169 5014 1263 5063 vero
1291 5003 1347 5063 est
1381 4983 1492 5091 quod
1523 4982 1654 5061 nullus
1690 4984 1835 5060 borum
1878 4983 1930 5060 ita

606 5108 772 5187 collatus
803 5128 860 5188 est
884 5130 928 5190 ut
948 5106 1099 5222 ubique
1122 5134 1230 5195 certo
1245 5118 1341 5195 scias
1361 5114 1459 5224 quid
1481 5116 1522 5194 in
1548 5115 1623 5192 illis
1641 5116 1833 5221 scriptum
1850 5116 1899 5193 sit
1919 5144 1927 5191 :

604 5266 692 5345 quae
719 5268 779 5317 res
798 5243 923 5322 multo
943 5244 1208 5327 dilliciliorem
1229 5246 1361 5326 reddit
1385 5275 1548 5354 operam
1565 5243 1802 5351 corrigendi.
1830 5244 1928 5343 Quae

604 5399 729 5475 quum
749 5372 799 5450 ita
818 5396 964 5471 essent,
983 5379 1137 5459 codices
1156 5380 1248 5475 hos,
1280 5410 1379 5489 quos
1401 5382 1443 5457 in
1478 5380 1614 5486 primis
1642 5378 1844 5474 consului,
1873 5376 1925 5453 ita

601 5520 756 5580 secutus
779 5533 892 5601 sum,
923 5528 965 5587 nt
985 5539 1189 5619 nunqnam
1211 5512 1257 5591 iis
1288 5512 1525 5611 confiderem
1557 5513 1626 5589 nisi
1660 5511 1803 5590 diserte
1829 5536 1923 5585 eno·
