4567 6425
385 714 422 766 8⁸
575 697 694 758 ΕΠΤΑ
722 697 797 757 Elii
823 697 978 755 ettutt'..

681 834 856 880 ΕΤΕΟΚΛΗΣ.

449 912 506 969 «liet
518 913 563 968 τοῦ
575 905 792 976 ξυναλλάσσοντος
805 903 901 982 ὄρνιθος
914 906 1013 982 βροτοῖς

450 997 547 1057 δίκαιον
560 995 641 1076 ἀνδρα
653 996 720 1052 τοῖσι
735 988 952 1068 δυσσεάεστέροις.

451 1087 496 1146 Ἐν
507 1083 585 1142 παντὶ
596 1080 691 1163 πράγει
702 1081 725 1138 δ’
737 1079 789 1138 ἔσθ’
801 1075 903 1154 ὁμιλίας
917 1080 1000 1146 κακῆς

396 1199 436 1236 σου
445 1174 535 1233 κάκιον
548 1168 629 1241 οὐδὲν,
642 1167 741 1249 καρπὸς
754 1168 782 1225 οῦ
794 1188 856 1242 κομι
890 1162 938 1230 έος.

467 1269 538 1332 Ᾱτης
551 1260 649 1339 ἄρουρα
660 1256 769 1315 θάνατον
782 1250 986 1332 ἐκκαρπίζεται]

448 1261 471 1423 λ
479 1348 530 1430 γάρ
543 1342 675 1415 ξυνεισάδς
686 1343 775 1400 πλοῖον
787 1337 895 1409 εὗσεάὴς
906 1335 972 1418 ἀνὴρ

449 1437 568 1497 ναύταισι
579 1434 682 1512 θερμοῖς
694 1428 739 1488 καί
752 1426 897 1508 πανουργία
908 1425 958 1484 τινί

449 1525 546 1586 ὄλωλεν
558 1521 657 1598 ἀνδρῶν
669 1517 715 1576 σύν
727 1512 876 1595 θεοπτύστῳ
887 1512 963 1591 γένει·

396 1639 436 1676 aaa
449 1613 467 1685 ἢ
481 1607 649 1688 ξυμπολίταις
660 1603 782 1684 ἀνδράσιν
794 1601 892 1667 δίκαιος
903 1599 939 1658 ὢν

447 1696 603 1781 ἐχθροξένοις
611 1716 640 1751 τε
651 1691 696 1751 καί
708 1695 771 1750 θεῶν
786 1687 920 1766 ἀμνήμοσι

445 1789 540 1845 ταύτοῦ
552 1781 668 1862 κυρήσας
678 1778 785 1844 ἐκδίκως
799 1772 977 1855 ἀγρεύματος,

448 1870 556 1951 πληγείς
567 1874 624 1929 θεοῦ
637 1867 745 1946 μάστιγι
758 1863 892 1942 παγκοίνῳ
903 1861 985 1937 δάμη.
1179 1911 1182 1957 γ

449 1952 533 2024 Οῦτος
544 1957 567 2016 δ’
578 1961 592 2015 ὁ
604 1954 711 2032 μάντις,
725 1952 778 2010 υίδν
788 1949 915 2016 Οἰκλέους
924 1949 1006 2026 λέγω,

396 2072 435 2110 ato
449 2047 559 2128 σώφρων
572 2043 669 2108 δίκαιος
680 2037 774 2118 ἀγαθδς
785 2036 892 2107 εύσεῦὴς
904 2035 981 2114 ἀνὴρ,

448 2133 531 2213 μέγας
543 2128 691 2212 προφήτης,
704 2124 829 2185 ἀνοσίοισι
841 2122 980 2200 συμμιγεῖς

450 2219 666 2304 θρασυστόμοισιν
679 2213 802 2295 ἀνδράσιν
814 2217 914 2293 φρενῶν
928 2210 973 2290 βίᾳ

447 2310 556 2371 τείνουσι
570 2303 678 2383 πομπλν
688 2303 735 2374 τὴν
749 2300 861 2381 μακράν,
872 2300 951 2378 πάλιν
963 2299 1060 2375 μολεῖν,

443 2399 503 2464 Διὸς
516 2394 633 2457 θέλοντος
645 2387 940 2469 ξυγκαθελκυσθήσεται.

397 2509 436 2547 aaa
449 2487 525 2546 Δοκῶ
539 2481 586 2559 μὲν
598 2471 641 2540 οῦν
653 2501 702 2560 σφε
717 2476 783 2554 μηδὲ
795 2475 955 2552 προσόαλεῖν
965 2470 1073 2542 πύλαις,

449 2576 499 2651 ούχ
509 2575 543 2636 ίις
554 2569 652 2644 ἄθυμον
664 2563 722 2625 οὐδὲ
731 2563 849 2640 λήματος
860 2561 943 2641 κάκῃ,

453 2660 512 2718 ἀλλ’
524 2647 591 2716 οῖδεν
603 2652 638 2719 ῶς
649 2675 697 2732 σφε
711 2648 763 2731 χρὴ
775 2650 929 2718 τελευτῆσαι
941 2644 1031 2726 μάχη,

449 2748 472 2804 εί
482 2742 580 2824 καρπὸς
591 2740 665 2800 ἔσται
678 2737 826 2818 θεσφάτοισι
838 2734 942 2803 Λοξίου·

449 2834 519 2914 φιλεῖ
528 2831 556 2890 δὲ
567 2825 671 2907 σιγῦνῘλ
683 2825 767 2903 λέγειν
780 2823 814 2882 et
825 2823 925 2904 καίρια.

397 2943 437 2980 auo
449 2919 543 2998 Ὅμως
554 2919 576 2977 δ’
588 2916 628 2976 ἐπ’
640 2917 710 2995 αὐτῷ
721 2915 795 2994 φῶτα
808 2910 953 2975 Λασθένους
968 2908 1025 2987 βίαν

450 3007 595 3087 ἐχθρόξενον
609 3002 730 3082 πυλωρὸν
743 2997 921 3072 ἀντιτάξομεν,

452 3094 560 3175 γέροντα
572 3091 616 3150 τὸν
629 3095 696 3159 νοῦν,
709 3084 796 3168 σάρκα
809 3085 832 3142 δ’
842 3083 950 3154 ἠῦῶσαν
964 3083 1049 3164 φέρει,

453 3183 570 3246 ποδῶκες
580 3177 669 3256 ὄμμα,
679 3176 756 3256 χεῖρα
770 3173 792 3233 δ’
804 3173 833 3232 οὗ
847 3169 1001 3252 βραδύνεται

452 3268 515 3348 παρ’
529 3266 638 3331 ἀσπίδος
648 3260 780 3340 γυμνωθὲν
793 3259 911 3339 ἁρπάσαι
924 3256 993 3339 δόρυ.

397 3376 436 3413 osa
449 3359 519 3416 θεοῦ
532 3352 560 3413 δὲ
574 3350 655 3432 δῶρόν
668 3352 738 3411 ἐστιν
750 3348 866 3426 εὐωχεῖν
879 3344 994 3427 βροτούς.

712 3450 820 3496 ΧΟΡΟΣ

494 3523 620 3590 Κλύοντες
631 3521 684 3580 θεοί
695 3519 809 3585 δικαίους
819 3516 891 3585 λιτάς

492 3610 617 3691 ἡμετέρας
626 3610 717 3669 τελεῖθ’
730 3611 765 3673 ὡς
776 3606 849 3673 πολις
862 3608 974 3685 εὐτυχῇ,

490 3698 613 3780 δορίπονα
624 3696 684 3757 κάκ’
698 3692 863 3775 ἐκτρέποντες
875 3697 901 3759 ἐς
910 3702 958 3771 γᾶς

490 3785 636 3863 ῖπιμάλους·
647 3780 752 3863 πύργων
765 3780 787 3839 δ’
801 3779 902 3839 ἔκτοθεν
915 3778 1002 3859 βαλὼν

398 3896 438 3935 oto
491 3871 557 3939 Ζεύς
567 3894 616 3953 σφε
626 3869 701 3931 κάνοι
711 3871 837 3947 κεραυνῷ.

694 3970 842 4019 arritum.

449 4046 503 4107 'llo
515 4044 625 4123 ῖῦδομον
637 4040 669 4114 δὴ
681 4041 748 4103 τάνδ’
761 4044 801 4122 ἀφ’
813 4040 936 4117 ίὸδάμαις
947 4040 1041 4111 πύλαις

449 4136 528 4207 λέξω,
539 4133 584 4193 τδν
597 4135 675 4191 αὐτοῦ
686 4155 733 4191 σου
744 4130 909 4206 κασίγνητον,
921 4130 997 4189 πόλει

450 4222 506 4289 σίας
517 4224 613 4303 ἀρᾶται
625 4219 670 4279 καί
682 4217 838 4300 κατεύχεται
849 4216 939 4297 τύχας·

449 4308 556 4390 πύργοις
568 4306 685 4385 ἐπεμάλς
696 4304 901 4387 κάπικηρυχθεὶς
910 4302 997 4383 χθονί,

396 4418 435 4459 ota
448 4395 580 4474 ἁλώσιμον
591 4396 680 4453 παιᾶν’
693 4392 901 4472 ἐπεξιακχάσας,

449 4484 490 4543 σοί
504 4481 675 4564 ξυμφέρεσθαι
687 4482 732 4541 καί
744 4481 846 4540 κτανὼν
858 4481 943 4539 θανεῖν
954 4479 1050 4553 πέλας,

449 4570 466 4641 ἢ
477 4570 550 4641 ζῶντ’
562 4572 730 4649 ἀτιμαστῆρα
740 4567 790 4634 τῶς
801 4567 825 4626 σ’
837 4566 999 4647 ἀνδρηλάτην

449 4662 516 4739 φυγῇ
527 4657 571 4716 τδν
583 4656 661 4715 αιἰτδν
672 4654 746 4715 τάνδε
757 4654 879 4715 τίσασθαι
889 4654 993 4734 τρόπον·

448 4744 545 4803 τοιαῦτ’
557 4745 631 4803 ἀῦτεῖ
644 4743 688 4803 καί
700 4740 772 4809 θεοὺς
782 4740 925 4820 γενεθλίους
1176 4752 1180 4809 ;

344 4826 350 4837 ’
394 4854 435 4893 ato
448 4833 523 4891 καλεῖ
533 4829 657 4913 πατρῴας
668 4836 717 4909 γῆς
727 4832 874 4911 ἐποπτῆρας
885 4830 961 4887 λιτῶν

447 4922 499 4977 τῶν
511 4910 547 4977 ὧν
558 4918 678 4995 γενέσθαι
688 4918 779 4997 πάγχυ
792 4915 964 4983 Πολυνείκους
979 4914 1033 4995 βία,

448 5005 526 5086 Ἔχει
537 5004 565 5064 δί
576 5005 732 5084 καινοπηγὲς
743 5004 843 5065 εύθιτον
857 5004 935 5071 σάκος

448 5094 554 5150 διπλοῦν
567 5114 596 5149 τε
608 5096 681 5168 σῆμα
691 5088 991 5172 προσμεμηχανημένον.

449 5178 620 5258 Χρυσηλατον
630 5176 681 5259 γάρ
693 5179 773 5259 ἄνδρα
784 5176 931 5256 τευχηστὴν
943 5179 1005 5235 ἰδεῖν

395 5288 435 5329 ata
447 5264 505 5343 άγει
516 5264 580 5344 γυνή
591 5289 630 5331 τις
643 5265 780 5345 σωφρόνως
789 5263 935 5345 ἡγουμένη·

448 5354 515 5425 Δίκη
530 5354 552 5411 δ’
566 5353 607 5433 ἀρ’
619 5343 684 5411 εἶναί
697 5375 784 5432 φησιν,
795 5358 830 5419 ῶς
841 5352 874 5411 τά
885 5352 1030 5433 γράμματα

446 5440 516 5523 λέγει
529 5470 541 5496 ι
553 5439 657 5511 κατάξω
669 5440 691 5497 δ’
703 5439 784 5521 ἀνδρα
796 5440 867 5499 τάνδε
880 5439 926 5498 καλ
938 5440 1012 5499 πάλιν

1043 3518 1109 3581 ita,
1122 3518 1157 3599 γ’.
1181 3500 1184 3537 ¹

1309 694 1456 754 SEPTEM
1477 695 1675 756 ADVERSUS
1695 697 1854 758 Taunus,

1504 853 1661 894 senectus,

1199 921 1250 970 lleu
1261 918 1347 968 mulam
1356 920 1451 980 mitem,
1460 933 1515 983 quae
1525 921 1660 970 homiuibus
1670 923 1813 972 consociavit

1197 1006 1289 1067 justum
1299 1007 1378 1056 virum
1388 1021 1443 1056 aum
1454 1009 1491 1056 iris
1500 1007 1696 1070 improbioribus!

1200 1094 1300 1142 inomni
1310 1094 1404 1154 negotio
1413 1095 1476 1143 mala
1486 1095 1599 1146 societate

1200 1181 1267 1243 pejus
1276 1181 1334 1230 nihil
1343 1184 1393 1242 est,
1403 1181 1495 1232 tructus
1505 1196 1550 1231 non
1561 1181 1714 1245 oolligendus.

1200 1268 1273 1315 Norae
1283 1279 1337 1326 ager
1347 1273 1447 1316 mortem
1458 1281 1501 1330 pro
1510 1268 1587 1317 inuata
1598 1277 1713 1331 procreat.

1200 1349 1290 1412 Utique
1299 1351 1362 1400 euim
1372 1352 1427 1415 pius
1437 1353 1475 1401 ria
1484 1367 1559 1416 quum
1569 1366 1654 1403 navem
1664 1355 1801 1405 oonseendit

1199 1449 1255 1486 eum
1265 1438 1378 1500 improbis
1386 1439 1464 1488 mutis
1474 1441 1590 1502 turbaque
1599 1441 1657 1490 nihil
1668 1455 1715 1490 non
1724 1441 1838 1502 audente,

1200 1536 1257 1572 enm
1267 1523 1340 1588 impio
1351 1525 1457 1574 virorum
1468 1539 1552 1588 genere
1562 1527 1630 1589 periit
1640 1543 1646 1576 ε

1201 1610 1238 1659 uel
1246 1611 1325 1672 justus
1335 1611 1372 1660 vir
1379 1625 1434 1660 oum
1444 1613 1537 1662 civibus
1546 1618 1644 1664 aetatem
1654 1628 1725 1676 agean

1201 1696 1321 1759 hospitum
1328 1699 1437 1748 osoribus
1446 1698 1593 1763 deorumque
1602 1701 1792 1762 immemoribus,

1200 1784 1284 1833 eodem
1295 1785 1380 1849 laqraeo
1395 1787 1480 1847 injurie
1492 1789 1597 1837 irretitus

1201 1870 1239 1920 dei
1249 1874 1369 1922 communi
1380 1873 1469 1936 flagello
1483 1875 1651 1936 (calamitate)
1663 1877 1786 1938 perculsus
1796 1877 1916 1926 occubuit.

1201 1959 1246 2007 ilie
1253 1961 1333 2009 autem
1343 1963 1426 2022 vates,
1436 1961 1511 2010 salium
1520 1962 1596 2010 OEalis
1604 1964 1714 2023 nomino,

1202 2047 1306 2110 prudens
1314 2083 1320 2108 ,
1329 2046 1410 2109 justus
1420 2085 1427 2109 ,
1438 2049 1529 2109 bouus,
1540 2051 1594 2112 pius
1608 2052 1652 2110 vir,

1203 2147 1304 2196 magnus
1314 2136 1446 2198 propheta,
1457 2135 1537 2200 impiis
1547 2137 1671 2186 immixtus

1203 2223 1320 2288 protervis
1329 2222 1486 2284 luctatoribus
1497 2225 1572 2273 invito
1581 2225 1673 2286 animo,
1750 2218 1753 2226 ’

1202 2308 1295 2369 longam
1312 2309 1376 2358 niam
1390 2309 1573 2372 emetientibus,
1588 2315 1615 2359 ut
1628 2315 1656 2360 in
1663 2310 1760 2372 sapam
1774 2325 1801 2360 so
1814 2317 1876 2362 retro
1889 2317 1976 2370 vortat.

1203 2399 1263 2446 Jove
1273 2397 1367 2446 iouente
1376 2411 1424 2448 uua
1433 2411 1490 2447 cum
1499 2399 1609 2462 relipats
1618 2399 1756 2462 abripiatur.

1203 2487 1277 2546 Spem
1286 2487 1367 2533 eutem
1379 2484 1429 2534 tore
1439 2491 1465 2534 ut
1475 2498 1505 2534 ne
1513 2485 1661 2546 egrediatur
1670 2485 1766 2548 quidem
1777 2491 1885 2548 porum.

1202 2584 1250 2619 non
1260 2585 1308 2633 quo
1317 2571 1415 2622 timidus
1424 2573 1456 2622 sit
1464 2571 1503 2622 rel
1512 2573 1583 2622 animi
1593 2573 1686 2634 ignaria
1699 2577 1877 2636 (retineatur),

1203 2657 1245 2707 seri
1257 2659 1303 2707 scit
1312 2658 1336 2708 iu
1346 2673 1424 2722 pugna
1436 2660 1481 2709 sibi
1491 2659 1637 2722 pereundum
1647 2673 1715 2720 esse,

1203 2746 1223 2794 si
1233 2746 1255 2794 ei
1264 2747 1327 2795 ullus
1337 2747 1430 2797 tructus
1438 2747 1539 2797 oraculis
1549 2747 1664 2810 Apollinis
1676 2748 1777 2809 emulgit
1793 2785 1796 2792 .

1203 2832 1281 2882 solent
1291 2847 1347 2882 vero
1356 2833 1396 2883 illa
1405 2835 1498 2884 silentio
1508 2840 1585 2896 tegere
1594 2842 1635 2883 aut
1645 2840 1707 2884 reeta
1716 2835 1802 2884 etimne.

1203 2921 1293 2969 Tamen
1302 2932 1358 2970 vero
1366 2920 1389 2970 ei
1400 2919 1477 2970 uirum
1487 2921 1572 2970 lortem
1582 2922 1724 2972 Lastlrenem

1203 3006 1368 3070 inhospitalem
1380 3008 1518 3070 portitorem
1528 3021 1688 3070 opponemus,

1203 3107 1282 3143 senem
1292 3094 1429 3157 prudentia,
1439 3095 1481 3144 sed
1491 3109 1577 3158 mrpns
1586 3097 1607 3145 ei
1615 3096 1752 3158 juveniliter
1765 3095 1842 3157 riget,

1202 3182 1266 3232 celer
1274 3182 1357 3233 oculus
1366 3187 1404 3233 est
1414 3220 1421 3244 ,
1432 3196 1475 3235 uec
1484 3195 1581 3233 manum
1592 3189 1731 3245 remoratur,

1203 3270 1329 3334 quominus
1337 3284 1352 3319 a
1361 3271 1421 3320 laeva
1431 3270 1548 3320 nudatum
1557 3285 1638 3321 ensem
1648 3272 1732 3334 rapiat.

1204 3358 1249 3409 Dei
1258 3357 1414 3409 verodunum
1425 3362 1463 3408 est
1472 3360 1584 3409 mortales
1595 3372 1645 3409 rem
1657 3359 1754 3409 teliciter
1764 3374 1851 3421 gerere.

1522 3465 1652 3507 CHORUS.

1233 3532 1393 3582 Exaudieutes
1400 3533 1479 3595 justas
1494 3546 1576 3595 preces
1585 3538 1678 3583 nostras
1687 3533 1719 3583 dii
1726 3570 1734 3595 ,

1235 3620 1292 3669 date
1302 3626 1329 3669 ut
1339 3620 1396 3669 urbs
1407 3634 1456 3669 rem
1469 3634 1580 3683 prospere
1589 3624 1669 3682 gerat,

1235 3712 1307 3769 atque
1317 3706 1378 3755 bello
1389 3706 1492 3757 adducta
1503 3708 1565 3757 mala
1575 3708 1598 3755 in
1609 3707 1713 3757 advenas
1724 3707 1797 3770 hujus
1809 3715 1876 3756 tana·

1233 3794 1332 3844 ereatate
1344 3810 1349 3843 :
1362 3795 1392 3844 de
1403 3794 1521 3843 munibus
1530 3798 1611 3844 autem
1622 3795 1726 3855 dejectos

1233 3882 1325 3945 Jupiter
1334 3881 1388 3931 ilios
1397 3881 1495 3932 fulmine
1504 3883 1612 3945 perimat.

1517 3989 1662 4031 nescius,

1202 4060 1255 4107 lam
1264 4056 1403 4119 septimum,
1414 4056 1455 4119 qui
1467 4054 1497 4104 ad
1507 4061 1600 4118 portam
1610 4058 1735 4121 septimam
1745 4060 1815 4117 stol,

1202 4145 1293 4204 dicam,
1303 4148 1372 4193 tuum
1382 4144 1456 4207 ipsius
1465 4142 1576 4203 tratrem,
1587 4143 1640 4193 urbi

1201 4232 1296 4294 qualem
1305 4231 1424 4281 lanuuam
1434 4232 1577 4293 imprecetur
1586 4236 1659 4293 atque
1669 4233 1771 4279 rorent:

1201 4321 1274 4381 optat
1287 4324 1314 4367 ut
1324 4318 1347 4367 in
1355 4331 1436 4367 muros
1445 4330 1555 4381 egressas
1564 4319 1636 4380 atque
1645 4321 1714 4368 tarro
1724 4317 1842 4381 praeconio
1851 4316 1946 4377 editus,

1201 4418 1306 4469 paeonem
1315 4404 1495 4467 expugnationis
1504 4418 1604 4455 exorsus

1202 4498 1279 4543 tecum
1287 4496 1421 4554 concurrat,
1431 4497 1502 4555 atquae
1512 4494 1637 4555 postquam
1649 4496 1671 4541 te
1680 4490 1804 4551 omiderit,
1814 4504 1889 4555 prope
1899 4491 1976 4551 ouant,

1200 4584 1241 4628 out
1255 4592 1341 4642 pugnae
1350 4579 1502 4642 superstitem
1510 4578 1595 4641 te,qui
1606 4592 1632 4627 se
1641 4578 1767 4639 ignominia
1777 4578 1811 4626 sic
1819 4578 1976 4627 allmeristm·

1200 4666 1271 4715 exilio
1279 4667 1303 4715 iu
1315 4665 1417 4716 eundem
1428 4666 1491 4715 hunc
1500 4665 1597 4714 modum
1608 4666 1698 4728 puniat
1753 4665 1836 4729 [mque
1844 4666 1976 4729 expuleris,

1200 4757 1212 4803 't
1219 4754 1265 4803 otia
1275 4754 1418 4804 vociferetur
1428 4752 1533 4816 deosque
1542 4752 1672 4813 gentilitias

1200 4843 1268 4889 terrae
1277 4838 1358 4902 patriae
1369 4838 1476 4897 invocat,
1486 4840 1512 4887 ut
1523 4837 1628 4887 vindices
1639 4852 1736 4901 precum

1199 4939 1295 4975 auarum
1305 4926 1369 4975 omni
1380 4939 1409 4975 en
1419 4930 1486 4989 parte
1496 4924 1565 4985 itant,
1577 4924 1645 4974 tortis
1655 4926 1788 4987 Polynices.

1198 5013 1265 5063 Gerit
1273 5016 1353 5063 autem
1363 5026 1444 5063 reoens
1454 5012 1540 5061 tortum
1549 5012 1609 5063 bene
1618 5013 1776 5074 compositum
1786 5018 1881 5062 scutum

1198 5101 1334 5164 duplexque
1341 5100 1431 5162 insigne
1441 5100 1465 5149 in
1477 5114 1505 5151 eo
1517 5114 1664 5163 expressum.

1198 5190 1282 5237 Virum
1294 5188 1357 5237 enim
1373 5201 1403 5237 ex
1419 5200 1477 5237 auro
1492 5188 1594 5249 laetum,
1605 5188 1743 5237 bellatorem
1759 5188 1871 5249 asporta,

1198 5275 1284 5325 femina
1294 5274 1373 5337 aliqua
1382 5288 1437 5324 euru
1447 5274 1560 5335 gravitate
1570 5276 1671 5338 praeiens
1680 5274 1745 5323 duait
1758 5288 1763 5323 :

1197 5362 1318 5412 iustitiam
1328 5362 1367 5410 illa
1377 5375 1403 5410 ee
1412 5374 1463 5411 esse
1474 5363 1523 5423 ait,
1531 5360 1733 5423 quemadmodum
1744 5361 1781 5409 tam
1793 5360 1869 5411 literae

1200 5448 1301 5499 inlinunt
1311 5462 1317 5497 :
1329 5468 1340 5491 a
1352 5446 1471 5498 Reducem
1482 5462 1537 5497 vero
1546 5448 1609 5497 hauc
1622 5448 1699 5499 rtrum
1708 5448 1839 5511 urbemque
