4567 6425
285 669 1798 807 ttmteeteercateateatsaeeraerneteaeaaeesm

644 866 1421 1175 surridens

400 1347 1010 1503 PEHDITAHUM

1099 1344 1677 1485 FABULARUlll

774 1652 1298 1775 FRAGMENTA.

988 1915 1094 1931 ...ι-

467 2088 499 2185 l.
530 2079 804 2183 FABULAE
832 2074 916 2174 DE
940 2068 1153 2172 CYCLO
1184 2068 1374 2171 HPlCO
1398 2068 1611 2171 FlCTAE.

926 2307 1153 2337 *⁴000*—

304 2498 394 2586 RES
417 2481 984 2581 TROICAE.—-CYPRIA.

476 2701 481 2713 ·
515 2666 761 2731 aauxauuan.

332 2825 466 2881 Draoratis
490 2822 620 2879 sincerus
644 2818 743 2873 titulus
770 2827 813 2871 est
835 2812 1017 2893 Ἀλέξανδρος,

283 2927 327 2965 non
348 2924 377 2967 ut
398 2930 472 2989 saepe
502 2909 609 2966 citatur
632 2902 793 2983 Ἀλεξάνδρα.
809 2903 1017 2978 Argumentum

282 3011 329 3054 erat
341 3000 413 3055 Paris
428 2998 544 3077 agnitus
556 3008 585 3052 et
601 3004 735 3069 receptus
752 3012 769 3048 a
790 2990 905 3049 Priamo
923 3001 1019 3067 patre,

282 3096 410 3159 postquam
424 3084 541 3142 inludis
555 3081 683 3139 omnium
693 3079 934 3135 victorevasisset.
945 3076 1019 3137 Vide

281 3172 369 3248 Hygini
376 3172 442 3232 aab.
453 3194 503 3250 9¹·
513 3198 525 3222 s
532 3170 698 3228 Breuci-ius.
709 3168 838 3244 Hyginus
849 3166 910 3224 haec
920 3164 1018 3224 babet:

282 3263 419 3335 ¹Priamus,
435 3260 644 3323 Laomedontis
660 3259 744 3329 lilius,
758 3277 846 3336 quum
858 3257 1020 3335 complures

282 3346 368 3405 liberos
393 3348 512 3408 haberet
535 3368 572 3405 ex
602 3345 757 3404 concubitu
780 3343 906 3403 Hecubae
931 3345 1019 3402 Cissei

280 3438 476 3514 sirellymantis
486 3441 562 3510 tiliae,
574 3456 646 3494 uxor
655 3435 715 3512 ejus
727 3453 876 3511 praegnans
888 3435 1020 3510 inquiete

281 3523 338 3581 adit
351 3547 379 3584 se
390 3529 479 3585 sacena
491 3524 641 3584 ardentem
656 3541 757 3599 parere
767 3567 775 3592 ,
786 3543 822 3578 ex
837 3542 891 3598 qua
905 3541 1021 3598 serpeu-
1050 3513 1059 3521 ⁰

281 3621 313 3666 ns
331 3614 463 3687 plurimos
483 3616 588 3670 exisse.
606 3611 639 3669 Id
666 3611 756 3666 visum
780 3629 867 3685 quum
889 3609 1021 3666 (inanibus

280 3699 474 3775 conjectoribus
495 3711 644 3758 narratum
662 3708 746 3760 esset.
764 3698 917 3772 imperant,
933 3696 1021 3772 quid·

280 3786 336 3856 quid
350 3802 469 3863 pareret,
484 3798 611 3855 necaret,
626 3805 663 3842 ue
681 3783 708 3840 id
725 3785 824 3861 patriae
835 3785 924 3841 exitio
937 3784 1020 3844 iuret.

279 3873 413 3950 Postquam
432 3876 554 3935 Hecuba
570 3874 682 3952 peperit
702 3871 914 3942 Alexandrum,
937 3871 1022 3929 datur

278 3956 484 4020 interficiendus.
498 3967 594 4034 Quem
607 3959 742 4018 satellites
758 3959 954 4016 misericordia
967 3979 1020 4016 ex-

280 4063 432 4120 posuerunt,
446 4071 513 4108 eum
530 4061 661 4126 pastores
674 4065 728 4122 pro
740 4063 793 4102 suo
807 4045 864 4100 lilio
877 4057 1021 4120 repertum

279 4133 449 4218 [expositum]
462 4136 628 4195 educarunt
642 4152 765 4208 eumque
781 4132 874 4188 Parim
889 4133 1022 4189 uomina-

279 4237 375 4280 venun.
389 4230 416 4282 ls
430 4245 523 4302 quum
546 4223 581 4279 ad
595 4220 734 4298 puberem
746 4232 857 4278 aetatem
874 4221 1023 4296 pervenis-

278 4321 319 4375 set,
334 4311 430 4370 lrabuit
445 4327 563 4372 taurum
579 4313 607 4367 in
621 4311 739 4368 deliciis.
756 4315 823 4381 Quo
836 4329 924 4385 quum
936 4310 1022 4366 satel-

278 4393 338 4461 lites,
345 4400 418 4458 missi
427 4403 569 4458 aPrinruo
581 4412 612 4455 ut
622 4413 735 4456 taurum
745 4398 849 4474 aliquis
858 4397 1022 4468 adduceret,

278 4484 420 4558 terrissent,
437 4489 532 4566 quiin
549 4486 628 4543 athlo
642 4483 767 4555 funebri,
781 4484 858 4560 quod
873 4485 899 4542 ei
919 4485 1023 4557 fiebat,

278 4587 438 4652 poneretur,
452 4587 606 4651 coeperunt
622 4572 731 4631 Paridis
746 4586 857 4629 taurum
874 4572 1023 4633 adducere.

277 4659 322 4726 Qui
335 4675 444 4720 secutus
459 4676 504 4719 est
521 4682 572 4720 eos
587 4675 616 4718 et
631 4661 798 4738 inquisivit,
818 4678 955 4736 quaeum
972 4660 1024 4719 du-

276 4763 376 4816 retent3
392 4753 433 4810 illi
444 4752 579 4809 iudicant
592 4771 622 4808 se
636 4771 701 4808 eum
713 4751 749 4809 ad
768 4751 911 4809 Priamum
929 4751 1023 4808 addu-

275 4853 330 4890 ‹rre
341 4835 387 4915 [ri]
398 4841 447 4916 qui
460 4841 580 4896 vicisset
594 4839 668 4895 ludis
679 4837 847 4894 funebribus
860 4837 1023 4897 Alexandri.

276 4921 317 4976 llle
336 4947 430 4984 amore
452 4929 592 4984 incensus
610 4927 684 4982 tauri
701 4927 744 4982 sui
758 4927 786 4983 in
803 4939 945 4982 certamen
969 4927 1022 4983 de-

275 5011 371 5067 pendit
378 5025 406 5068 et
415 5017 515 5072 «narnia
524 5015 595 5070 vicit
605 5039 613 5087 ;
626 5014 727 5070 fratres
736 5032 850 5088 quoque
860 5033 926 5082 suos
935 5035 1022 5089 supe·

275 5097 344 5152 rasit.
366 5101 525 5178 Indignaris
551 5100 722 5178 Deiphobus
746 5099 871 5178 gladium
897 5100 932 5157 ad
958 5122 1023 5158 eum

275 5184 394 5258 strinxit,
412 5201 442 5244 at
456 5189 508 5246 ille
532 5189 563 5245 in
580 5209 657 5245 aram
683 5189 763 5245 Jovis
783 5188 885 5245 Hercei
903 5187 1021 5245 insiluit.

274 5271 348 5340 Quod
363 5295 450 5350 quum
472 5275 638 5332 (lassarrdra
663 5276 866 5332 vaticinaretur
882 5295 946 5331 euru
964 5277 1023 5332 lra-

275 5369 336 5414 trrnr
350 5382 420 5435 esse,
435 5364 572 5421 Priamus
583 5383 649 5420 earn
663 5365 780 5439 agnovit
793 5363 928 5439 regiaque
942 5383 1022 5420 reee-

274 5444 318 5517 pit.
327 5473 338 5498 ·
348 5451 415 5508 Haec
426 5451 466 5508 ita
478 5451 623 5527 Hyginus,
637 5471 701 5528 qnae
716 5462 782 5509 sunt
796 5450 934 5526 ejusmodi
950 5463 980 5508 ut
992 5450 1022 5508 in

1072 2474 1165 2532 verbis
1177 2488 1372 2550 argumentum
1389 2477 1491 2531 laoulae
1504 2494 1649 2551 agnoscas.
1664 2482 1761 2555 Neque
1772 2481 1825 2539 du·

1070 2561 1173 2620 bitarit
1185 2563 1251 2619 olim
1265 2564 1391 2638 Heynins
1410 2563 1445 2619 ad
1460 2564 1537 2640 virg.
1551 2568 1617 2621 AEn.
1631 2570 1666 2636 V,
1678 2568 1744 2639 lau,
1757 2571 1825 2644 quin

1070 2649 1106 2707 ab
1121 2650 1219 2727 aliquo
1231 2652 1371 2726 Tragico,
1388 2664 1419 2707 ut
1437 2652 1494 2721 ait,
1519 2650 1615 2709 sabula
1637 2652 1674 2708 ita
1688 2670 1825 2713 exornata

1071 2750 1153 2795 esset.
1169 2743 1238 2796 Fere
1253 2738 1353 2795 eadem
1371 2750 1466 2795 narrat
1482 2738 1670 2815 Apollodorus
1693 2745 1754 2811 111,
1776 2764 1827 2812 ra,

1072 2824 1097 2881 5.
1111 2826 1158 2883 Ait
1178 2826 1253 2882 enim
1277 2824 1439 2895 Hecubam,
1458 2826 1608 2899 Dymantis
1629 2827 1731 2899 liliam,
1754 2826 1770 2899 ἢ
1793 2828 1827 2892 ὥς

1070 2914 1136 2977 τινές
1152 2934 1216 2993 φασι
1230 2912 1362 2984 Κισσέως,
1378 2910 1394 2981 ἢ
1409 2916 1443 2977 ὥς
1458 2910 1541 2989 ἕτεροι
1554 2912 1658 2989 λέγουσι
1678 2914 1828 2995 Σαγγαρίου

1070 3004 1190 3077 ποταμοῦ
1201 2998 1246 3057 καὶ
1264 2999 1406 3071 lllrru'rrrae,
1420 3000 1544 3077 primum
1560 3001 1705 3076 peperisse
1722 3006 1827 3059 Hecto-

1071 3107 1149 3158 rem,
1163 3086 1267 3147 deinde
1282 3089 1384 3145 iterum
1399 3086 1515 3165 gravida
1530 3106 1617 3163 quum
1632 3101 1720 3159 esset,
1739 3090 1827 3147 lacem

1071 3175 1216 3234 ardentem
1230 3196 1260 3234 se
1271 3176 1429 3253 parituram
1442 3187 1566 3252 putasse,
1578 3196 1613 3232 ex
1623 3194 1678 3252 qua
1690 3189 1748 3235 tota
1759 3178 1828 3236 urbs

1071 3267 1107 3322 sit
1128 3265 1255 3322 incensa.
1275 3264 1419 3322 Priamum
1438 3276 1533 3320 autem
1553 3265 1666 3321 somnio
1682 3283 1830 3344 compertu

1072 3352 1108 3410 ab
1119 3356 1222 3410 AEsaeo
1236 3351 1369 3409 edoctum
1384 3349 1444 3408 lore
1467 3363 1498 3407 ut
1510 3370 1594 3426 puer,
1611 3369 1696 3428 quem
1712 3353 1830 3412 Hecuba

1073 3441 1242 3518 peperisset,
1256 3440 1354 3516 patriae
1368 3439 1507 3516 perniciei
1522 3438 1635 3498 futurus
1647 3452 1730 3515 esset,
1739 3461 1830 3518 expo-

1073 3527 1198 3586 nendum
1221 3527 1297 3584 laune
1312 3526 1424 3584 dedisse
1446 3526 1562 3602 Agelao.
1586 3530 1650 3600 Quo
1669 3527 1743 3584 lactu
1760 3548 1829 3604 pue·

1072 3635 1137 3672 rurn
1157 3636 1210 3693 per
1233 3615 1360 3691 quinque
1374 3613 1435 3672 dies
1448 3633 1509 3672 esse
1528 3614 1666 3672 nutritum
1686 3615 1724 3672 ab
1747 3635 1830 3682 ursa,

1073 3701 1178 3760 deinde
1192 3714 1338 3778 repertum
1350 3745 1357 3769 ,
1371 3712 1534 3770 servatum,
1549 3701 1720 3771 educatum,
1735 3705 1829 3760 norni-

1073 3802 1230 3866 natumque
1242 3789 1344 3848 Parim.
1360 3793 1454 3859 Quum
1468 3806 1537 3844 reru
1556 3787 1741 3858 adolevisset,
1759 3790 1827 3846 viri-

1073 3876 1128 3935 bus
1139 3877 1214 3935 iuter
1235 3891 1365 3954 pastores
1382 3875 1551 3932 excelluisse
1567 3875 1831 3951 Alexandrumque,

1073 3965 1151 4040 quod
1166 3985 1182 4021 a
1199 3963 1359 4022 latronibus
1369 3983 1469 4040 greges
1488 3974 1593 4018 tutatus
1606 3976 1685 4033 erat,
1697 3978 1830 4022 vocatum

1074 4071 1168 4127 neque
1181 4051 1222 4108 ita
1240 4051 1289 4108 diu
1312 4063 1376 4126 post
1394 4061 1526 4127 parentes
1547 4051 1695 4124 reperisse.
1719 4054 1829 4108 Nomen

1074 4140 1158 4210 servi,
1173 4139 1221 4214 qui
1237 4140 1330 4197 Parim
1344 4137 1486 4214 exposuit,
1499 4137 1577 4212 apud
1591 4136 1790 4212 Asclepiadem
1802 4141 1831 4194 in

1073 4225 1296 4302 Tragodumcnis
1321 4226 1374 4282 luit
1405 4223 1560 4283 Archialas.
1583 4222 1647 4280 vid.
1676 4225 1762 4284 schol.
1794 4227 1830 4282 ad

1074 4313 1156 4371 Iliad.
1170 4315 1200 4382 Γ,
1210 4315 1277 4378 3α5,
1292 4312 1389 4388 ibique
1403 4311 1544 4369 somnium
1559 4309 1690 4368 Hecuba.
1706 4313 1762 4370 Sed
1776 4312 1832 4370 lroc

1073 4403 1167 4478 ipsum
1182 4400 1356 4457 documento
1378 4418 1440 4456 esse
1461 4410 1554 4475 potest
1571 4417 1631 4454 rem
1650 4399 1689 4456 ita
1701 4419 1761 4456 esse
1776 4414 1829 4458 tra-

1074 4503 1178 4546 ctatam
1191 4507 1206 4544 a
1221 4488 1355 4564 Tragicis,
1372 4487 1440 4563 quia
1452 4484 1638 4561 Asclepiades
1656 4505 1689 4543 ea
1703 4498 1830 4556 tantum,

1074 4595 1137 4652 quae
1150 4575 1261 4651 Tragici
1278 4586 1485 4644 narraverunt,
1505 4573 1609 4648 attigit.
1632 4571 1675 4629 Ab
1698 4573 1741 4629 his
1755 4593 1829 4629 nnn-

1075 4663 1144 4720 nibil
1176 4663 1314 4720 differunt
1350 4681 1414 4738 qnae
1440 4660 1591 4735 Euripides
1615 4658 1649 4716 de
1677 4660 1830 4718 Alexandri

1074 4765 1141 4808 ortu
1161 4751 1303 4808 memoriae
1324 4749 1458 4826 prodidit.
1482 4747 1628 4807 lleerrbam
1652 4747 1718 4805 lucit
1743 4749 1830 4806 Cissei

1074 4839 1179 4907 sitiam,
1196 4837 1299 4894 deinde
1319 4837 1452 4894 vaticinia
1475 4832 1658 4908 Cassandra,
1680 4846 1830 4910 autequam

1075 4945 1149 5003 puer
1168 4926 1196 4981 in
1211 4926 1302 4980 luceru
1326 4938 1386 4982 erat
1402 4923 1508 4994 editus,
1523 4933 1728 4979 commemorat
1741 4922 1832 4999 iisque

1077 5011 1216 5068 Herodem
1226 5012 1370 5068 inductam
1385 5011 1472 5068 filiunt
1487 5029 1568 5066 suum
1581 5009 1744 5083 exposuisse
1752 5011 1829 5086 (Hec.

1077 5105 1113 5172 3,
1127 5100 1319 5156 Andromach.
1344 5100 1474 5172 294-301
1485 5097 1511 5171 );
1528 5095 1685 5172 eademque
1703 5097 1762 5154 lere
1781 5119 1831 5155 ex·

1075 5198 1223 5265 ponuntur·
1238 5186 1265 5242 in
1277 5186 1367 5263 lplrig.
1377 5185 1439 5242 Aul.
1455 5184 1511 5254 575
1524 5196 1552 5240 ct
1563 5203 1624 5260 sqq.
1633 5195 1662 5240 et
1672 5183 1832 5242 Troadibus

1076 5275 1261 5345 annonara
1276 5273 1357 5330 valde
1379 5271 1515 5329 credibile
1527 5284 1568 5328 est
1584 5290 1690 5343 versus,
1705 5271 1830 5348 quisunt

1075 5360 1151 5438 apud
1169 5361 1334 5420 Ciceronem
1351 5365 1393 5416 De
1410 5358 1468 5416 div.
1485 5361 1514 5427 l,
1536 5378 1569 5415 at
1586 5401 1594 5430 ,
1609 5378 1681 5433 qum
1696 5377 1730 5414 ex
1749 5361 1830 5414 Ennii

1078 5448 1195 5507 Hecuba
1207 5449 1313 5526 petitos
1330 5459 1429 5524 putant
1447 5445 1494 5520 (id
1512 5445 1589 5521 quod
1609 5445 1689 5502 ralde
1711 5444 1830 5500 dubium
