4567 6425
826 690 1034 753 soruoctts
1054 695 1302 759 FRAGMENTA.
1792 718 1845 769 257

288 834 330 879 tra
352 824 453 879 rnoerria
479 823 588 879 servari
614 822 758 897 potuerit,
780 820 848 878 illuc
870 823 1039 893 contulisse;
1091 827 1203 886 venisse
1232 848 1269 887 ex
1292 829 1513 907 pastoribusque
1536 832 1642 909 reliqua
1668 839 1846 911 rprraesuime,

289 922 347 965 tum
363 910 431 967 belli
441 909 596 985 trepidatio
609 909 649 966 ita
662 908 752 966 multo
767 909 927 966 evidentius
943 923 1040 967 osten·
1091 933 1156 989 (μιαν
1165 914 1200 973 de
1208 916 1333 976 adventu
1343 922 1509 976 Graecorum
1524 921 1636 978 scireut.
1648 928 1710 981 lluc
1721 927 1846 983 referen-

287 995 427 1069 debatur,
443 1010 541 1075 postea
554 996 661 1054 bellum
677 998 772 1074 parari
785 997 840 1054 nisi
854 997 882 1053 in
896 996 970 1055 urbe
984 1018 1040 1055 non
1091 1000 1159 1059 dum
1170 1004 1247 1079 rprod
1258 1004 1384 1083 estapud
1394 1010 1534 1083 Harpocr.
1544 1029 1572 1065 ν.
1581 1008 1691 1068 Νάννιον
1704 1034 1711 1068 :
1724 1006 1788 1071 Ὀτι
1798 1014 1847 1095 γὰρ

285 1086 398 1157 potuit;
418 1096 564 1161 postremo
583 1082 784 1142 Andromacha
804 1084 968 1141 introducta
988 1096 1040 1157 est,
1092 1090 1181 1170 θαλλῷ
1203 1091 1337 1169 χαίρουσιν
1353 1095 1380 1151 αί
1396 1084 1465 1170 αἶγες
1488 1094 1532 1153 καί
1548 1096 1684 1177 Σοφοκλῆς
1705 1101 1847 1177 Ποιμέσιν·

286 1170 312 1225 id
324 1172 406 1247 quod
422 1172 452 1229 in
469 1190 539 1248 agro
562 1172 644 1227 facilc
663 1171 723 1229 lieri
748 1190 806 1227 nou
831 1172 933 1246 potuit.
959 1175 1040 1241 Quo-

286 1258 363 1315 circa
379 1260 485 1316 rectius
505 1258 637 1315 statueris
654 1256 821 1335 tragoediam
843 1278 904 1315 csse
925 1258 955 1315 in
969 1256 1041 1314 urbe

285 1357 388 1402 actam.

322 1436 413 1490 Poeta
443 1432 589 1509 quomodo
618 1444 816 1509 argumentum
852 1433 1041 1509 disposuerit,

285 1537 341 1573 rmn
357 1531 537 1596 compertum
553 1531 607 1577 est.
630 1520 748 1576 lidetur
762 1532 856 1576 tamen
870 1520 976 1577 chorus
993 1533 1042 1577 aut

288 1606 382 1661 statim
407 1606 489 1663 initio
509 1605 689 1663 introductus
710 1626 772 1664 esse
794 1620 843 1664 aut
863 1619 928 1684 post
950 1607 1041 1679 illum,

287 1692 331 1767 qui
358 1692 455 1749 lrostes
486 1695 598 1751 venisse
622 1695 817 1752 nunciaverat.
843 1700 886 1752 Ita
908 1696 1042 1771 implorat

284 1779 421 1837 :iirxilium
435 1794 485 1837 aut
500 1783 634 1839 Hectoris
652 1794 701 1838 aut
720 1782 834 1852 Priami,
857 1794 889 1838 ut
910 1797 939 1840 et
960 1802 990 1840 se
1014 1797 1043 1839 et

284 1884 385 1943 gripes
410 1880 549 1925 tutentur.
572 1867 686 1941 Quibus
710 1868 816 1926 auditis
842 1874 950 1927 Hector
982 1889 1040 1927 non

284 1955 402 2029 ignarus
415 1954 481 2013 belli
503 1956 629 2013 diuturni
654 1976 685 2013 sc
712 1968 854 2034 praeparat
875 1956 911 2013 ad
934 1976 1043 2033 pugnas

286 2054 460 2118 paratusque
483 2056 526 2100 est
544 2063 628 2120 aequo
650 2045 746 2101 auimo
771 2041 877 2113 subire,
902 2043 1042 2119 ‹pddquid

285 2130 481 2187 insecuturam
504 2131 550 2187 sit.
572 2136 647 2188 Dum
661 2144 705 2189 est
718 2130 860 2202 abiturus,
883 2131 1043 2189 Androma-

285 2217 336 2272 cba
354 2217 474 2275 fortasse
493 2218 657 2287 intervenit,
670 2239 745 2295 ‚quae
768 2220 904 2276 maritum
924 2219 1043 2275 retineat

286 2316 467 2381 moneatque,
482 2316 514 2363 ut
528 2325 545 2362 a
557 2306 684 2381 periculo
698 2319 823 2364 caveret.
838 2306 892 2364 Sed
903 2306 952 2363 ille
963 2307 1042 2363 nullo

286 2392 372 2447 modo
395 2404 554 2449 commotus
577 2394 675 2451 uxoris
700 2393 835 2471 precibus
861 2393 896 2450 ad
921 2394 1042 2469 patriani

285 2478 491 2538 defendendam
515 2482 716 2558 proficiscitur.
744 2482 897 2558 Egregium
924 2482 1043 2538 fortasse

286 2566 355 2623 illud
368 2580 562 2626 commentum
575 2570 630 2626 fuit
641 2583 742 2647 poetar,
757 2569 834 2646 ιμιιιιί
856 2570 973 2627 Hectori
985 2574 1042 2645 cy-

285 2674 385 2727 gnum,
409 2658 501 2713 virum
514 2676 633 2733 prorsus
654 2656 691 2713 ab
713 2656 941 2728 illo-diversum,
962 2658 1043 2715 factis

285 2745 453 2817 gloriantem
470 2763 558 2820 seque
578 2745 667 2803 multa
690 2765 755 2802 curn
772 2745 961 2803 ostentatione
974 2746 1044 2803 elfe-

286 2846 405 2901 rcntem,
421 2830 545 2903 addidit,
569 2832 598 2889 in
621 2852 680 2909 quo
703 2834 773 2890 dnm
793 2832 830 2891 ab
853 2837 977 2892 Hectore
997 2853 1043 2891 res

286 2924 448 2975 Graecomm
461 2919 665 2997 affligerentur,
677 2920 783 2979 eaedem
798 2940 895 2978 rursus
912 2920 1043 2979 laudibus

286 3006 381 3062 efferri
414 3018 580 3083 potueruut.
611 3013 724 3066 Interea
755 3013 865 3067 Hector
901 3008 1043 3067 occiderat

287 3094 488 3164 Protesilaum,
507 3114 701 3173 maguumque
720 3094 787 3153 inde
802 3096 936 3172 gaudium
954 3117 1042 3153 exor-

288 3194 343 3238 tum
361 3202 425 3240 curu
447 3183 536 3240 multa
558 3202 610 3261 spe
626 3182 689 3242 fore
703 3196 735 3241 ut
748 3185 840 3244 Graeci
860 3204 979 3263 prorsus
996 3204 1041 3242 re-

287 3270 467 3344 pellerentur.
478 3279 549 3343 Quae
559 3292 649 3348 quum
659 3273 730 3331 taeris
742 3272 915 3330 carminibus
925 3293 943 3330 a
953 3273 1043 3330 choro

285 3359 477 3428 celebrantur,
511 3361 602 3416 caedes
644 3361 735 3437 Cygni
769 3360 940 3430 nunciatur,
979 3381 1043 3437 quae

1092 1222 1155 1305 [⁴8]
1170 1213 1299 1303 Εωθινὸς
1316 1225 1372 1318 γὰρ
1389 1227 1457 1319 πρίν
1471 1230 1528 1292 τιν’
1542 1231 1681 1300 αὐλητῶν
1694 1237 1781 1323 σ’ρσῑν,

1171 1337 1280 1404 Θαλλὸν
1298 1340 1424 1433 χιμαίρᾳ
1441 1346 1614 1433 προσφέρων
1628 1340 1785 1414 νεοσπάδα

1172 1444 1846 1553 εἶδονστρατὸνστείχονταπαρόἰλίανπέτραν.

1093 1590 1269 1663 «Leguutur
1296 1589 1324 1647 bi
1346 1610 1441 1649 rursus
1461 1592 1546 1649 etiam
1572 1594 1649 1670 apud
1680 1595 1848 1656 Athenaeum

1093 1677 1175 1745 xllt,
1188 1695 1216 1751 p.
1234 1676 1300 1746 587,
1314 1684 1349 1737 tt.
1364 1679 1409 1737 Ad
1423 1680 1547 1757 primum
1564 1683 1689 1758 pertinet
1712 1688 1847 1761 Hesycbii

1093 1760 1214 1836 glossa:
1239 1766 1371 1836 Αὐλητήν·
1392 1766 1436 1824 τὀν
1460 1772 1507 1825 τοῦ
1527 1764 1625 1847 κάπρου
1647 1772 1848 1850 ἐπιμελούμενον

1093 1849 1145 1903 τῶν
1159 1847 1309 1925 προάάτων.
1331 1858 1363 1910 lu
1385 1874 1410 1911 v.
1431 1856 1448 1912 3
1471 1856 1535 1933 lego
1549 1874 1603 1913 uua
1620 1876 1692 1914 voce
1706 1861 1848 1937 παραλίαν.

1093 1935 1140 1991 Sic
1151 1936 1180 1993 in
1189 1937 1300 1994 Theseo
1312 1940 1459 2020 reperirier
1468 1941 1587 2019 στείχων.
1598 1969 1610 1994 ν
1620 1948 1741 2001 Brunelr.
1755 1952 1848 2007 Nares

1095 2021 1202 2080 liabent
1224 2024 1425 2103 inscriptiones
1449 2028 1609 2107 (Hesycb.)
1632 2031 1694 2109 [49]
1723 2034 1849 2093 «Φοινι-

1094 2111 1159 2176 κίοις
1171 2110 1357 2193 γράμμασιν,ν
1372 2116 1402 2173 Σ.
1418 2114 1556 2191 Ποιμέσιν
1582 2118 1638 2175 ἐπεὶ
1658 2119 1726 2177 δοκεῖ
1742 2120 1850 2200 Κάδμος

1095 2197 1161 2258 αὐτὰ
1178 2202 1207 2257 bt
1221 2200 1348 2273 Φοινίκης
1363 2204 1539 2280 κεκομμένοι.
1550 2206 1649 2265 Eidem
1661 2209 1725 2265 loco
1739 2208 1851 2268 videtur

1095 2286 1296 2363 assignandum
1310 2291 1385 2348 aliud
1401 2292 1592 2368 fragmentum
1606 2314 1650 2370 ap.
1668 2297 1772 2354 Athen.
1785 2303 1849 2368 Vll,

1096 2393 1125 2450 p.
1142 2374 1211 2449 δερ,
1227 2380 1248 2435 Β
1263 2378 1343 2437 τΤῶν
1365 2378 1526 2461 πηλαμύδων
1539 2380 1693 2458 μνημονεύει
1708 2383 1752 2441 καὶ
1766 2386 1850 2465 Σοφο-

1094 2462 1158 2532 κλῆς
1173 2464 1198 2520 έν
1212 2464 1359 2541 Ποιμέσιν·

1094 2600 1157 2685 [50]
1172 2582 1239 2667 llll·
1254 2586 1280 2675 τί
1290 2600 1433 2693 πάροικος
1450 2606 1589 2697 πηλαμὺς
1606 2600 1781 2697 χειμάζεται

1175 2718 1326 2807 πάραυλος
1340 2702 1562 2797 Ἑλλησποντὶς,
1580 2720 1674 2812 ὡραία
1692 2720 1791 2809 θέρους

1174 2844 1218 2917 τῷ
1231 2830 1413 2922 Βοσπορίτῃ,
1430 2824 1511 2917 τῷδε
1528 2831 1584 2924 γάρ
1604 2830 1772 2923 θαμίζεται.

1094 2960 1181 3019 Codd.
1190 2959 1321 3039 πάροικος.
1329 2958 1464 3036 Bergkius
1476 2960 1602 3016 correxit
1614 2961 1745 3039 πάραυλος
1756 2984 1791 3021 er
1800 2968 1851 3021 Hc·

1094 3049 1202 3123 syclrio.
1222 3052 1293 3105 Cum
1316 3046 1420 3123 quibus
1434 3048 1638 3105 conferendum
1654 3062 1696 3105 cst
1708 3048 1761 3107 boc
1776 3052 1850 3127 apud

1094 3136 1190 3193 Scbol.
1204 3135 1239 3193 ad
1252 3134 1399 3214 Aristoplr.
1412 3134 1508 3211 Equit.
1520 3156 1545 3191 v.
1570 3144 1642 3209 114¹,-
1656 3158 1663 3193 ε
1679 3136 1771 3216 Hirpi<
1789 3138 1850 3197 πλέ-

1094 3248 1149 3302 γμα
1163 3248 1189 3281 τι
1204 3225 1234 3282 ἐκ
1252 3222 1376 3302 ’σχοινίων
1396 3222 1541 3301 γινόμενον,
1552 3221 1641 3299 ὅμοιον
1664 3227 1751 3306 ἠθμῷ,
1766 3217 1788 3308 ᾧ
1806 3227 1852 3293 τάς

1094 3311 1228 3394 πορφύρας
1248 3304 1439 3389 λοιμάάνουσιν,
1455 3313 1490 3376 εἰς
1514 3309 1528 3368 δ
1551 3314 1578 3369 ui
1600 3311 1729 3394 πορφύραι
1753 3313 1797 3372 καὶ
1821 3315 1853 3372 τά

1095 3403 1224 3478 κογχύλια
1239 3399 1413 3479 είσέρπουσιν.
1426 3397 1473 3458 Ἐν
1485 3400 1571 3465 αὐτοῖς
1582 3399 1610 3457 δέ
1623 3401 1719 3466 τούτοις
1735 3402 1790 3460 luri
1807 3405 1851 3460 καί

285 3445 423 3522 Trojanos
435 3467 471 3503 eo
485 3448 575 3523 magis
595 3448 712 3520 afflixit,
735 3448 813 3525 quod
837 3467 936 3506 omnes
950 3448 1042 3506 invul·
1094 3487 1125 3546 τὸ
1136 3487 1239 3568 δέλεαρ,
1252 3485 1286 3550 ὥς
1300 3509 1378 3568 φησιν
1388 3483 1548 3566 Ἡρωδιανὸς
1561 3486 1763 3565 παρατιθέμενος
1778 3490 1811 3548 τὰ
1822 3493 1851 3550 ἐκ

286 3533 439 3677 ὛΜΙΕΜ
456 3547 635 3635 ''werin“
721 3623 759 3635 ..
880 3624 886 3636 .
949 3629 967 3654 ,Ι
1033 3626 1040 3638 .
1094 3576 1234 3653 Ποιμίνων
1253 3575 1305 3654 (sic
1317 3573 1401 3632 codd.
1416 3597 1423 3632 :
1439 3574 1550 3645 Πηλέως
1565 3575 1644 3652 Ald.)
1656 3577 1834 3655 ,Σοφοκλέους1

345 3635 492 3698 segmenta
506 3641 541 3680 ex
559 3622 604 3680 lus
619 3643 682 3701 qua.
700 3622 825 3680 diximus
834 3623 916 3681 facile
927 3623 1042 3702 disponi

285 3721 412 3780 promunt.
429 3711 553 3784 Ell¹¹¹⁰l
572 3715 608 3768 Μ·
621 3732 649 3786 Ρ·
664 3711 733 3782 θ5ἰ
748 3730 781 3767 ¹²
791 3733 798 3768 ²
808 3710 1042 3791 [⁴⁷]“fl“t²⁶“'l·
1095 3725 1157 3810 [st]
1175 3728 1307 3813 Κηριοῖσι
1320 3729 1458 3800 πλεκτοῖς
1471 3725 1623 3814 πορφύρας
1636 3723 1745 3813 φθείρει
1755 3727 1849 3817 γένος.

284 3793 857 3962 agapam},ivaggizoflxsssffi
868 3798 1042 3962 ἔοέξῖἶῗὲδ
1095 3860 1203 3919 Deinde
1215 3872 1381 3920 excusantes
1398 3861 1450 3916 cin·
1465 3861 1492 3916 in
1507 3859 1607 3917 urbem
1624 3861 1757 3917 venerint
1768 3859 1851 3938 (etur.

283 3968 470 4047 Σηγάνδαγδρ
482 3973 506 4028 ογ
518 3971 737 4049 &mmmmm
748 3973 896 4032 „popm
907 3973 1043 4053 Σχροχχῆς
1094 3949 1154 4005 Vit.
1178 3968 1207 4056 p.
1225 3951 1297 4054 79,5’
1314 3945 1368 4024 B),
1384 3949 1407 4004 οί
1426 3947 1587 4026 Σοφοκλέους
1607 3949 1712 4026 βοτῆρες
1735 3947 1777 4002 ini
1800 3947 1851 4004 τῶν

284 4053 309 4111 δέ
326 4059 354 4112 ἐν
372 4065 422 4120 τοῖς
445 4057 596 4133 Ποιμάσι...
608 4085 620 4110 ι
630 4058 801 4138 παρασάγγας
813 4047 932 4124 (αὐτοὺς
943 4056 1042 4128 κέκλη·
1094 4059 1221 4112 '‘mltum'‘
1234 4036 1369 4134 ’mm'

284 4165 334 4226 ru.
352 4143 518 4202 Tribucrim
540 4147 601 4204 baec
617 4148 721 4219 choro,
734 4149 801 4223 quia
815 4167 873 4204 non
887 4160 929 4204 est
952 4147 1045 4205 credi-

283 4231 339 4286 bile
352 4231 474 4289 verbmn
490 4233 520 4289 in
534 4235 662 4292 trimetro
675 4234 770 4292 fuisse.
782 4233 945 4308 conjeceris
955 4235 1043 4310 igitur

283 4321 412 4389 eliorum,
425 4323 476 4398 qui
494 4343 525 4380 se
548 4324 686 4382 nuncium
706 4325 816 4382 uenisse
836 4325 886 4388 ait,
908 4343 1043 4381 evocasse

284 4408 528 4482 Andromacham,
548 4423 581 4468 ut
595 4412 736 4488 perillam
750 4417 858 4470 Hector
869 4410 905 4466 de
916 4411 1042 4467 adventu
1094 4411 1224 4464 Fortasse
1245 4427 1294 4462 eos
1314 4409 1420 4468 Hector
1440 4405 1628 4481 vituperavit,
1651 4405 1730 4482 quod
1756 4408 1850 4466 statim

283 4503 448 4555 Graecorum
461 4499 569 4556 certior
582 4499 670 4556 fieret.
686 4499 742 4557 Sed
756 4499 780 4556 si
794 4499 859 4574 quis
873 4499 934 4555 baec
946 4499 1042 4574 potius
1095 4495 1199 4551 timore
1212 4493 1300 4551 animi
1320 4493 1427 4550 inducti
1452 4493 1576 4570 fugerint
1591 4513 1684 4572 neque
1701 4509 1851 4572 exspectn-

284 4585 388 4640 τοίοισι
398 4584 435 4641 ad
448 4586 529 4643 illum
541 4585 647 4656 locum,
659 4607 718 4663 quo
732 4587 853 4644 ntrncius
866 4585 904 4642 ab
915 4590 1042 4642 Hectore
1094 4582 1152 4640 rint
1166 4581 1234 4638 dum
1248 4581 1385 4638 arixilium
1399 4581 1460 4658 ipse
1473 4581 1574 4652 ferret;
1585 4583 1634 4639 sed
1646 4582 1685 4640 illi
1701 4583 1852 4641 veliemen-

284 4672 384 4726 missus
396 4673 504 4728 caeden'r
518 4672 666 4731 Protesilai
685 4671 891 4730 Andromachae
914 4672 1043 4744 nunciat,
1096 4669 1151 4727 tius
1172 4688 1236 4726 eum
1261 4667 1423 4742 obsecrant,
1443 4681 1473 4724 ut
1501 4667 1595 4726 hostes
1620 4671 1739 4748 repellat
1764 4691 1851 4748 seque

285 4777 340 4814 rum
357 4759 540 4817 intercedam.
562 4760 686 4818 Videtur
706 4760 811 4819 deinde
832 4759 1044 4816 Hectorinter·
1095 4769 1214 4814 tutetur.
1242 4759 1304 4814 Hoc
1328 4755 1444 4814 videtur
1473 4757 1595 4834 exprimi
1623 4758 1781 4834 fragmento
1805 4779 1850 4835 ap.

1094 4168 1157 4250 [52]
1172 4166 1301 4241 Τοθτοις
1316 4162 1374 4257 γὰρ
1391 4164 1473 4239 ὄντες
1492 4155 1641 4230 δεσπόται
1658 4156 1850 4257 δουλεύομεν,

1173 4277 1223 4344 καί
1238 4270 1329 4344 τῶνδ’
1343 4275 1458 4370 άνάγκη
1474 4280 1524 4343 καὶ
1542 4281 1723 4344 σιωπώντων
1739 4283 1848 4345 κλάειν.

283 4900 419 4912 *-

633 4979 677 5029 tu.
1088 4974 1252 5046 bosporitae3
1266 4972 1330 5028 lruie
1343 4973 1415 5028 enim
1429 4971 1585 5043 freqvtentes
1599 4972 1756 5030 adveniunt.

283 5049 416 5106 uacuum
427 5051 501 5106 euim
511 5059 634 5125 tempore
645 5053 803 5125 priusquam
816 5052 902 5109 ullum
913 5052 1034 5108 villicum
1442 5082 1485 5131 51⁸

282 5127 390 5184 Ιιιτίνοιιι
400 5146 492 5187 recens
502 5128 639 5186 desectam
652 5146 741 5204 capre
754 5130 873 5188 afferens
882 5132 1033 5203 [conspexi‚

282 5209 489 5264 udierercitum
502 5207 538 5264 ad
550 5209 715 5265 maritimum
726 5226 821 5266 aarum
832 5207 1033 5280 procedentem.
1443 5284 1477 5333 ⁵²

1087 5175 1180 5232 Carnis
1193 5174 1273 5230 testis
1285 5171 1428 5245 porplvyrae
1443 5181 1550 5244 gentem
1565 5174 1725 5245 corrumpit.

282 5359 336 5414 tjbi
346 5363 436 5418 accola
447 5365 568 5438 pelamys
581 5331 719 5434 biberunt,
1086 5369 1137 5424 His
1152 5369 1223 5425 enirn
1238 5385 1322 5442 quum
1336 5368 1422 5424 simus
1434 5365 1553 5430 domini,
1569 5365 1720 5434 servimus,

282 5439 401 5494 incolens
410 5442 634 5515 Hellespontum,
646 5445 803 5518 tempestiva
817 5463 864 5520 per
875 5456 995 5504 estatem
1086 5456 1114 5502 et
1126 5463 1237 5502 necesse
1254 5454 1294 5502 est
1309 5447 1389 5502 etiam
1404 5453 1525 5502 tacentes
1539 5442 1642 5500 audire.

411 5559 534 5598 mmmm
549 5563 697 5600 memin-
1683 5547 1711 5596 η
