4567 6425
828 697 1004 757 AEscttrtt
1025 696 1275 758 FRAGMENTA.
1772 712 1831 765 226

281 832 346 893 dicta
359 844 415 901 est,
429 844 629 907 argumentum
641 830 842 907 explicaverit,
861 848 897 887 ex
911 828 1027 885 nomine
1069 827 1115 886 καλ
1132 827 1234 894 νύκτας·
1251 828 1307 889 όθεν
1319 831 1503 903 κατελεήσαςθ
1519 832 1583 899 Ζεύς
1592 831 1699 900 ταύταις
1712 834 1834 913 όνύμνη·

282 922 431 977 illustratur.
447 918 525 977 Nihil
536 919 611 975 enim
624 918 670 975 illu
682 930 774 995 potest
785 916 958 973 continuisse
973 914 1026 971 nisi
1071 937 1112 972 σιν
1128 915 1263 987 ἐνεποίησε
1271 920 1323 975 τῶν
1332 921 1422 976 κακῶν
1434 924 1608 1001 μεταμορφῶν
1620 920 1699 988 cheb<
1711 924 1745 987 είς
1756 921 1835 1000 αίγιί·

282 1008 397 1085 querelas
409 1004 577 1071 fleliadum3
598 1004 647 1061 rix
661 1004 744 1079 plura
756 1003 782 1059 ei
795 1001 882 1059 tribui
897 1014 1026 1079 possunt,
1072 1023 1140 1082 ρους,
1155 1000 1232 1085 αἵπερ
1246 999 1301 1061 elsi
1312 1002 1412 1083 δένδρα.
1428 1002 1541 1083 Λέγεται
1553 1005 1635 1065 stud
1645 1010 1761 1067 ἐντεῦθεν
1770 1012 1836 1067 ἆτο-

282 1098 338 1171 quia
361 1114 415 1153 non
439 1094 523 1171 plura
546 1091 642 1149 fabula
661 1090 809 1149 Heliadum
834 1088 935 1147 tradita
952 1102 1027 1147 sunt.
1071 1095 1209 1165 γεννᾶσθαι
1217 1092 1261 1151 τὸν
1274 1092 1400 1173 ἤλεκτρον
1413 1096 1461 1163 τῆς
1476 1094 1587 1173 όρχαίας
1600 1098 1716 1173 οἰμωγῆς
1732 1100 1836 1157 aman.

282 1190 337 1255 Quo
349 1194 440 1239 autem
453 1181 518 1238 loco
531 1178 661 1238 lleliades
672 1180 786 1235 fratrem
797 1176 937 1247 deflerint,
948 1189 1029 1233 vete-
1072 1176 1202 1256 κρυόντων
1215 1185 1305 1237 τοῦτον
1323 1179 1423 1258 καρπον
1440 1183 1493 1238 τῶν
1509 1180 1671 1263 δένδρων.Ἱθ
1686 1184 1714 1243 δὲ
1735 1186 1836 1266 ἱστορία

283 1293 319 1327 ns
339 1292 390 1327 non
412 1270 480 1327 satis
505 1280 584 1325 certo
598 1267 765 1325 retulerunt.
789 1268 894 1322 Omnes
915 1262 1027 1321 ferend
1072 1262 1144 1344 πορθ
1166 1274 1219 1330 τοῖς
1240 1275 1379 1348 τραγικοῖς.
1402 1272 1447 1327 Ex
1464 1268 1548 1327 Plinii
1570 1269 1668 1329 serbis
1692 1274 1838 1350 colligitur

284 1360 421 1415 Eridanum
441 1356 560 1415 fluvium
576 1354 780 1413 Phaethontem
799 1366 827 1409 et
840 1366 983 1428 repertum
1000 1363 1029 1407 et
1072 1354 1236 1428 AEschylum
1256 1354 1411 1413 Eridanum
1428 1376 1561 1429 vocasse,
1580 1360 1629 1434 qni
1647 1360 1704 1417 alio
1722 1362 1838 1419 nomine

282 1446 399 1505 defletum
423 1456 600 1515 memorant3
623 1442 672 1499 sed
690 1442 754 1519 quis
775 1439 916 1499 Eridanus
935 1439 1028 1507 fuerit,
1074 1439 1230 1497 Rhodanus
1241 1454 1375 1513 nocetur,
1394 1454 1424 1498 et
1435 1462 1497 1499 esse
1509 1444 1587 1501 illum
1605 1444 1710 1503 llunien
1724 1446 1836 1505 lbcriae.

284 1536 305 1591 in
317 1533 505 1591 controversia
518 1544 658 1589 versatur.
669 1530 834 1587 Welckerns
848 1527 956 1585 Padum
973 1546 1029 1582 non
1074 1534 1111 1584 At
1123 1530 1191 1585 satis
1200 1541 1312 1587 constat
1328 1530 1491 1606 longissime
1506 1530 1608 1589 lberias
1619 1534 1837 1610 appellationem

284 1624 354 1679 luisse
373 1632 467 1699 putat,
491 1618 660 1677 Rhodanum
677 1618 739 1675 vult
751 1615 870 1693 intelligi
884 1615 928 1671 rel
945 1615 1029 1671 alitam
1075 1618 1209 1692 patuisse.
1218 1622 1255 1675 Et
1264 1618 1342 1695 quod
1357 1619 1392 1675 ad
1405 1619 1591 1677 Scholiastam
1602 1623 1838 1691 Homerinttinet,

284 1712 384 1767 ludum
398 1728 489 1786 usque
503 1709 532 1765 in
549 1706 726 1785 Hispaniam.
741 1710 844 1764 Censet
865 1704 939 1761 enim
956 1704 1029 1761 cele·
1074 1706 1241 1761 Welclterus
1260 1706 1397 1766 conclusit
1413 1706 1460 1763 illa
1475 1726 1540 1783 quae
1557 1708 1729 1767 scholiastes
1746 1711 1839 1769 tradat

285 1798 378 1855 brutam
392 1818 453 1855 esse
465 1796 503 1854 ab
517 1796 653 1871 AEschylo
668 1794 810 1865 Rhodam,
821 1792 966 1869 Hispaniae
980 1811 1031 1868 op·
1075 1811 1133 1847 uon
1146 1811 1207 1849 esse
1222 1791 1259 1852 ab
1270 1793 1410 1871 Euripide
1425 1808 1553 1873 sumpta3
1568 1814 1637 1873 ergo
1650 1809 1762 1875 sumpta
1778 1818 1840 1855 esse

285 1886 376 1961 qudam,
394 1884 614 1943 Massiliensium
626 1883 783 1955 coloniam,
798 1880 957 1955 eodemque
973 1900 1029 1935 no·
1075 1876 1112 1934 ab
1127 1879 1274 1955 AEscbylo.
1290 1881 1323 1939 Id
1343 1900 1413 1937 vcro
1428 1903 1485 1938 non
1501 1883 1639 1961 sequitur.
1660 1885 1717 1943 Sed
1735 1906 1839 1943 ranrnn

285 1976 347 2031 niue
368 1974 452 2031 fuisse
468 1985 589 2029 matrem
613 1970 764 2029 Heliadum
788 1968 960 2045 appellatam
981 1967 1029 2025 ait.
1075 1977 1118 2022 est
1132 1966 1342 2045 hocquaerere,
1357 1982 1503 2027 artronum
1518 1971 1572 2028 fuit
1587 1971 1772 2049 investigare,
1788 1974 1840 2030 ubi

285 2064 495 2139 Disputatiooem
509 2080 572 2119 eam
583 2062 940 2117 Hermannusveramcsse
958 2074 1030 2132 per·
1076 2055 1263 2113 Prometheus
1282 2058 1381 2115 allisus
1398 2058 1492 2115 hierit.
1515 2058 1629 2119 Sufficit
1646 2061 1719 2119 scire
1739 2062 1841 2119 Erida-

286 2152 381 2225 uegavit
410 2170 503 2226 neque
517 2148 610 2205 evinci
630 2148 701 2204 locis
714 2146 839 2218 censuit,
861 2144 967 2222 quibus
980 2144 1032 2200 fir·
1076 2162 1144 2199 oum
1160 2142 1267 2201 flumen
1277 2145 1422 2221 Hesperiae
1434 2145 1531 2219 fuisse,
1547 2147 1567 2203 i.
1582 2167 1607 2203 e.
1618 2146 1654 2204 ad
1664 2148 1841 2207 occidentem

286 2236 376 2295 iuranda
393 2236 540 2295 sententiae
562 2234 726 2293 Welclierus
747 2233 784 2289 sit
802 2251 887 2299 usus,
908 2248 1030 2307 quomm
1076 2230 1190 2301 Solem,
1204 2242 1290 2307 atque
1306 2232 1334 2289 in
1346 2230 1409 2307 ejus
1423 2231 1486 2309 ripa
1497 2245 1608 2291 veteres
1621 2246 1735 2313 putasse
1750 2236 1842 2293 Phae-

286 2325 343 2381 alter
354 2338 392 2381 est
403 2323 507 2395 Plinii,
522 2322 572 2399 qui
583 2322 643 2379 haec
663 2321 778 2399 scripsit
796 2324 955 2391 xxxvii,
972 2340 1003 2376 ιι
1023 2339 1031 2379 :
1077 2316 1186 2373 tltontis
1199 2338 1314 2375 sorores
1325 2319 1354 2375 iu
1370 2320 1495 2397 populos
1507 2340 1569 2379 esse
1580 2334 1710 2381 mutatas.
1723 2324 1782 2381 Vix
1794 2344 1843 2381 au·

289 2414 468 2470 Phaethontis
479 2412 597 2469 hilmine
607 2412 657 2468 icti
668 2430 781 2467 sorores
793 2410 989 2467 detumutatas
1003 2409 1031 2465 in
1078 2414 1133 2461 tem
1151 2405 1230 2463 credi
1243 2418 1340 2483 potest
1356 2406 1482 2466 fabulam
1495 2407 1532 2465 ab
1545 2410 1682 2485 AEschylo
1693 2411 1723 2467 in
1735 2412 1843 2489 Hispa·

287 2500 385 2557 astares
399 2500 531 2577 populos,
548 2500 672 2557 lacrimis
686 2499 823 2555 electrum
836 2496 969 2555 omnibus
979 2516 1033 2554 an·
1078 2492 1153 2549 niam
1165 2512 1226 2551 esse
1235 2492 1368 2566 delatam,
1383 2496 1451 2571 quia
1461 2497 1594 2554 mulieres
1608 2498 1764 2573 Adrianas,
1779 2519 1845 2575 que

288 2588 322 2643 nis
335 2587 441 2645 strodere
451 2587 538 2663 juxta
561 2586 718 2645 Eridanum
737 2606 865 2656 amnem,
876 2604 961 2662 quem
975 2590 1031 2643 Pa·
1077 2579 1285 2639 Phaethontem
1295 2580 1440 2653 fleverint,
1455 2596 1541 2662 poeta
1553 2599 1769 2645 commemorat.
1784 2592 1845 2645 lto·

288 2676 343 2733 dum
357 2696 487 2733 vocamus
501 2688 529 2733 et
543 2676 680 2733 electrum
695 2675 881 2752 appellatum,
896 2674 1032 2750 quoniam
1077 2667 1146 2727 iude
1160 2668 1255 2727 Padus
1268 2682 1298 2727 et
1309 2670 1467 2728 Rhodanus
1481 2673 1685 2749 proculdubio
1701 2695 1782 2753 aeque
1800 2675 1846 2733 fa·

290 2766 323 2819 sol
335 2766 462 2823 vocitatus
476 2766 514 2823 sit
528 2763 665 2845 ἠλέκτωρ,
684 2764 801 2841 plurimi
817 2774 909 2839 poetae
923 2761 1033 2834 dixere,
1077 2754 1171 2815 bulosi
1187 2769 1269 2815 erant
1281 2758 1428 2833 AEscltylo.
1447 2763 1586 2819 Praeterea
1601 2763 1680 2820 nulla
1699 2784 1784 2821 causa
1798 2784 1845 2821 rc·

292 2854 411 2931 pdnuqne
422 2866 453 2911 nt
464 2852 602 2924 arbitror,
614 2852 777 2927 AEschylus,
792 2850 974 2919 Philoxenus,
985 2850 1033 2907 Ni·
1078 2844 1167 2921 periri
1179 2857 1285 2922 potest,
1295 2865 1352 2923 qua
1360 2846 1512 2923 AEschylus
1521 2848 1655 2907 inductus
1665 2852 1713 2924 sit,
1723 2864 1755 2909 ut
1764 2851 1846 2910 Rho·

292 2940 391 3013 rand«,
409 2942 575 3018 Euripides,
598 2944 727 3015 Satyrus.
747 2938 832 3011 Quod
852 2957 913 2995 esse
933 2937 1032 2994 falsum
1077 2932 1158 3007 dam,
1169 2935 1296 3010 ignotam
1307 2935 1527 2995 Massiliensium
1539 2937 1697 3009 coloniam,
1711 2941 1845 3017 tragedia

292 3030 364 3085 ltalia
373 3030 532 3087 testimonio
547 3040 636 3107 patet.
657 3027 861 3104 Diligentiores
879 3024 1033 3083 Electridas
1078 3021 1244 3081 celebraret.

292 3116 378 3175 insulas
388 3118 415 3175 in
426 3119 495 3175 mari
510 3116 657 3174 Adriatico
673 3136 734 3173 esse
748 3115 897 3185 eliserunt,
912 3112 948 3169 ad
965 3132 1034 3189 quas
1118 3116 1247 3169 Fuerunt
1270 3114 1321 3190 qui
1339 3113 1459 3171 chorum
1472 3132 1510 3171 ex
1520 3112 1689 3173 Heliadibus
1700 3118 1844 3195 composi-

293 3202 443 3262 dilaberetur
457 3204 561 3264 Padus.
581 3210 646 3276 Qua
661 3202 853 3281 appellatione
870 3201 961 3260 nullas
975 3221 1033 3260 un·
1079 3213 1139 3258 tum
1156 3200 1319 3271 crederent3
1338 3200 1417 3280 quod
1436 3203 1462 3262 si
1477 3216 1520 3262 est
1541 3223 1657 3278 verum,
1673 3225 1709 3262 ex
1732 3227 1767 3263 eo
1786 3228 1844 3264 umt

293 3311 363 3366 quarn
378 3293 414 3350 ibi
426 3295 513 3352 fnisse
530 3305 641 3350 certum
656 3303 700 3349 est
717 3309 810 3368 neque
822 3309 893 3348 vero
907 3289 979 3346 ullas
995 3287 1034 3347 ibi
1079 3302 1122 3346 est
1134 3291 1365 3350 concludendum
1378 3312 1427 3350 eas
1439 3293 1469 3350 in
1483 3294 1628 3353 orchestra
1645 3293 1805 3373 obriguisse
1815 3310 1845 3355 et

293 3383 415 3454 :pastus
428 3402 498 3451 esse,
513 3383 543 3438 in
556 3400 627 3458 quas
637 3379 794 3459 quidquam
805 3398 891 3436 cursu
906 3376 974 3434 Padi
986 3375 1034 3434 de·
1079 3377 1197 3438 arbores
1206 3399 1268 3438 esse
1279 3382 1375 3438 factas.
1390 3383 1464 3452 Quis
1473 3382 1577 3441 dixerit
1586 3382 1709 3442 Niobam
1719 3387 1749 3442 in
1761 3405 1846 3445 scena

295 3469 347 3524 reln
362 3471 451 3548 possit.
469 3473 545 3528 uam
562 3467 642 3544 quod
654 3467 804 3543 AEschylus
821 3467 850 3524 in
865 3465 968 3536 Iberia,
979 3465 1034 3522 hoc
1079 3467 1108 3524 in
1120 3487 1221 3525 saxum
1235 3469 1321 3526 fuisse
1335 3473 1611 3546 permutatamiAlii
1626 3472 1730 3530 indicia
1744 3475 1847 3532 volunt

295 3569 328 3612 ist
338 3559 360 3614 in
373 3559 513 3636 llispania,
527 3557 684 3615 Eridanum
700 3575 760 3612 esse
773 3554 846 3612 dixit
855 3554 1036 3629 eundemque
1078 3553 1109 3612 in
1125 3555 1292 3632 fragmentis
1306 3558 1460 3635 reperisse,
1476 3557 1583 3637 quibus
1595 3573 1692 3637 pateat
1705 3559 1846 3620 Adrianus

295 3647 410 3720 aqqietlari
421 3646 612 3718 Rliodanum3
625 3642 776 3722 Euripides
792 3661 891 3700 rursus
905 3653 934 3698 et
946 3640 1035 3717 Apol·
1080 3644 1216 3702 mulieres
1233 3644 1353 3703 chorum
1370 3645 1507 3704 effecisse.
1523 3650 1686 3725 Utrumque
1699 3647 1782 3708 valde
1795 3649 1846 3706 iu·

295 3731 369 3789 lmius
382 3737 407 3791 in
424 3733 573 3794 adrianco
590 3733 686 3790 littore
707 3731 851 3790 confluere
867 3728 1035 3787 Rhodanum
1080 3745 1191 3790 certum
1211 3747 1263 3792 est
1285 3738 1359 3794 Nam
1380 3734 1405 3792 si
1423 3734 1548 3794 dubitari
1567 3756 1625 3792 non
1646 3748 1757 3814 potest,
1774 3738 1845 3814 qniu

295 3831 317 3874 et
330 3821 436 3896 Padum,
450 3821 607 3880 faciliorem
623 3820 735 3878 vettium
751 3819 818 3876 facil
831 3817 955 3894 ignorati
970 3837 1034 3873 suc·
1081 3821 1249 3880 Heliadibus
1262 3841 1361 3880 versus
1376 3822 1493 3898 quidam
1506 3824 1657 3893 intereos,
1674 3824 1724 3900 qui
1739 3825 1846 3884 servati

294 3907 370 3966 ‹iniin
381 3923 454 3968 tanta
463 3909 545 3968 orbis
557 3909 743 3984 ignorantias
756 3907 951 3982 HaecPlinius3
960 3906 1035 3966 idem
1081 3923 1165 3980 sunt,
1179 3910 1357 3970 attribuendi
1368 3912 1442 3983 sint,
1462 3930 1521 3968 non
1535 3910 1608 3968 adeo
1624 3923 1734 3969 certum
1750 3925 1794 3974 est
1807 3913 1846 3968 il-

295 4001 372 4058 totari
382 4002 417 4060 ait
426 4005 607 4060 llermanuus
619 3997 794 4076 Appuleium
808 3997 836 4053 in
850 3995 942 4069 libro,
951 4015 1036 4072 quem
1081 3997 1130 4056 lud
1143 3997 1342 4075 fragmentum,
1358 3998 1462 4075 inquo
1474 3997 1608 4056 Adriane
1619 3999 1752 4058 mulieres
1766 4019 1848 4056 coma

296 4087 325 4140 de
334 4088 532 4166 orthographia
546 4087 686 4166 scriptum
701 4086 795 4142 Maius
816 4083 906 4141 edidit
919 4103 949 4160 p.
972 4083 1035 4143 135.
1082 4101 1285 4154 memorantur,
1298 4087 1390 4146 choro
1403 4107 1440 4145 εκ
1453 4087 1497 4145 his
1507 4084 1672 4144 mulieribus
1685 4088 1847 4165 composito

296 4175 360 4232 Alter
378 4177 476 4236 deiude
497 4177 577 4234 testis
599 4188 643 4233 est
666 4173 836 4232 Scholiastes
861 4171 977 4230 Homeri
1000 4171 1036 4228 ad
1081 4195 1142 4233 esse
1152 4175 1362 4234 vindicandum.
1379 4180 1451 4234 Sunt
1461 4175 1551 4234 verba
1560 4175 1621 4232 baec
1631 4174 1708 4252 apud
1720 4178 1847 4234 Gramm.

296 4263 380 4336 (λύγοι.
398 4285 426 4342 p.
444 4267 517 4336 συθ,
538 4264 587 4340 qni
608 4263 667 4320 haec
691 4261 807 4337 scripsit
825 4282 834 4315 t
852 4257 945 4322 'illue
957 4256 1036 4338 Ῥύδῃ
1081 4263 1110 4320 in
1124 4262 1327 4321 Belkhnecd.
1345 4283 1375 4340 p.
1390 4263 1462 4334 346,
1475 4283 1494 4338 9
1509 4283 1517 4320 :
1534 4260 1666 4342 ’λδριαναί
1678 4283 1706 4320 τι
1717 4270 1847 4339 γυναῖκες.

296 4353 417 4432 sufficerit
430 4353 549 4414 Ἀσωποῦ
563 4353 659 4416 παῖδας
671 4349 742 4429 legii
753 4349 892 4410 Φαέθοντα
904 4345 949 4406 καί
962 4351 1040 4424 tlep-
1082 4351 1213 4430 Αἰσχύλος
1236 4347 1375 4409 Ἡλιάσιν·
1390 4377 1403 4401 ι
1418 4348 1550 4430 Ἀθριαναί
1573 4357 1732 4427 τεγοναῑκες
1751 4347 1847 4430 τρόπον

295 4441 369 4511 urim
387 4443 428 4501 καλ
445 4441 546 4516 Αἴγλην
563 4441 607 4498 καλ
622 4438 787 4499 detumeat.
812 4435 962 4517 ’λνδρωθελς
980 4433 1008 4494 δὲ
1024 4440 1038 4494 ὁ
1082 4437 1168 4506 ficum
1176 4435 1253 4515 γόων.
1265 4463 1278 4489 α
1291 4443 1359 4496 llaec
1369 4442 1550 4498 Hermannus
1558 4439 1596 4496 ita
1607 4438 1767 4516 disposuit:

296 4528 399 4604 Φαέθων,
410 4531 486 4611 ἤρετο
495 4529 545 4601 τὴν
558 4526 661 4610 μητέρα
673 4527 742 4592 τίνος
751 4525 791 4597 ab]
802 4523 910 4605 πατρός·
921 4523 1037 4602 πυθόμε-

295 4637 330 4676 νοι
339 4617 360 4674 ii
372 4623 403 4684 ιἰς
411 4619 513 4692 ΊΙλίου,
524 4615 681 4698 παρεγίνετο
695 4615 738 4674 tat
747 4613 794 4680 rh<
805 4617 851 4672 τοῦ
863 4611 960 4693 πατρὸς
973 4614 1038 4670 ἅνα-

295 4705 365 4772 ῖώὲς·
374 4709 517 4788 γνωρισθεὶς
527 4705 555 4766 δὲ
569 4705 653 4785 τούτῳ
663 4707 746 4764 idciro
755 4707 800 4762 τοῦ
815 4699 914 4783 πατρὸς
928 4699 969 4758 ln‘
978 4700 1037 4759 ὀλί-

293 4798 400 4866 γτνεὺεῶ
415 4795 625 4878 ‘suffla-atel
635 4794 707 4876 ἅρμα
717 4788 1038 4872 καὶτοθςροτῆρας,ὅπως
1082 4790 1150 4843 Eaec
1167 4783 1257 4841 choro
1272 4783 1426 4841 mulierum
1438 4786 1617 4839 Hermanuus
1632 4777 1774 4838 attribuit.
1789 4781 1847 4839 Sed

294 4863 456 4946 usmitan
467 4865 512 4946 ἑὸν
523 4883 631 4944 κόσμον·
642 4881 787 4948 ὁδὲἯλιος
798 4877 1038 4959 ἀκούσαςσαραυτὰ
1082 4873 1164 4931 facile
1177 4883 1220 4930 est
1234 4881 1387 4948 perspectu
1398 4868 1427 4926 id
1437 4867 1541 4945 injuria
1551 4887 1612 4926 esse
1623 4867 1742 4938 factum,
1753 4869 1847 4945 siqui—

295 4969 338 5042 μὲν
349 4973 471 5052 mcum
487 4971 562 5040 ιίδὼς
573 4943 591 5030 h
603 4972 734 5032 πείσιτει·
749 4966 850 5050 σρόθρα
866 4965 895 5026 θλ
908 4968 1036 5048 αὖτῷὶγ-
1081 4961 1145 5020 dem
1164 4960 1296 5020 Adrianae
1308 4959 1443 5016 mulieres
1460 4957 1542 5016 chori
1557 4955 1764 5033 intelliguntur.
1779 4961 1847 5020 Hac

296 5061 392 5134 κυρίη
402 5071 529 5143 εναωρεῑ
539 5061 644 5130 διδάξας
662 5057 762 5118 ὅτιτὸ
775 5055 942 5136 μεταίχμιον.
955 5053 1036 5114 Ἔτει·
1081 5053 1104 5107 si
1122 5050 1243 5107 chorum
1263 5047 1488 5118 constituissent,
1503 5064 1561 5102 non
1580 5041 1675 5115 ἵίουσι,
1689 5043 1738 5103 sed
1756 5043 1847 5123 ίχονσι

296 5147 341 5210 fr<
354 5125 385 5208 δὲι
393 5151 481 5217 larino<
493 5157 539 5210 τοῦ
550 5151 677 5232 ἅρματος,
700 5146 820 5214 ἀτάκτως
831 5145 953 5216 ἤλαυνεν,
969 5141 1037 5200 ὥστε
1081 5153 1130 5198 aut
1156 5139 1274 5196 fortasse
1296 5137 1381 5194 etiam
1404 5132 1499 5211 ἔχομεν
1525 5131 1673 5192 dixissent.
1698 5132 1746 5190 ste
1769 5131 1846 5188 enim

296 5233 373 5292 ταίτι
381 5237 460 5297 alisi
470 5241 516 5310 τῆς
526 5241 575 5316 γῆς
587 5235 702 5320 φρύγειν·
714 5232 907 5298 καταπεσόντος
919 5229 947 5289 θλ
958 5231 1037 5288 αὐτοῦ
1082 5247 1167 5298 nemo
1178 5226 1302 5302 aliquem
1314 5221 1495 5293 consolatur,
1512 5232 1545 5278 ut
1558 5218 1634 5277 dicat
1646 5217 1802 5297 aliqnando
1815 5237 1847 5275 se

297 5325 359 5378 carl
373 5327 413 5394 τῆς
424 5325 490 5396 θείας
499 5325 592 5408 ρλσγθς
601 5325 644 5384 lad
656 5320 850 5404 τὸνἮριδανθν
861 5319 978 5398 ποταμὸν
992 5318 1037 5378 καλ
1082 5315 1191 5371 tristem
1213 5313 1339 5371 futurum
1364 5331 1434 5368 esse.
1461 5305 1726 5387 Splendidissimum
1750 5317 1846 5362 autom

297 5409 423 5486 ειιρύντος
435 5417 459 5471 τί
471 5413 579 5498 diripui
598 5409 806 5494 παραγενόμεναι
819 5407 887 5467 teet
901 5407 944 5466 τόν
957 5405 1036 5466 τύπον
1081 5403 1215 5478 idemque
1226 5400 1474 5477 corruptissinmm
1490 5399 1679 5474 fragmentum
1693 5405 1752 5466 cst,
1766 5391 1847 5469 quod

297 5519 341 5552 rs.
352 5499 462 5560 Κιλιικοῦ
476 5503 603 5580 πελάγους
614 5499 734 5578 ἐθρήνουν
752 5495 852 5578 ἡμέρας
867 5496 1038 5560 ἀδιαλείπτως
1082 5490 1235 5549 Athenaeus
1245 5489 1298 5565 xl,
1307 5508 1336 5566 p-
1348 5489 1417 5565 ¹⁸⁶9,
1430 5489 1461 5558 E,
1468 5485 1601 5544 servarit.
1613 5485 1749 5561 Disputat
1757 5478 1798 5538 ibi
1809 5479 1847 5538 de

1187 4555 1271 4636 [228]
1288 4545 1439 4647 Ᾰθριηναύ
1456 4581 1490 4622 τε
1508 4562 1644 4648 γυναῖκες

1294 4662 1408 4755 τρόπον
1426 4655 1524 4740 ἕξουσι
1542 4663 1634 4755 γόων.
