4567 6425
334 2526 340 2537 ¹
442 2466 542 2524 Finem
556 2468 703 2543 tragoediae
717 2469 881 2527 Welckerns
896 2471 1004 2547 Hyp'ni
1017 2472 1115 2531 verbis
1129 2493 1200 2530 con-

442 686 495 736 sa
520 653 523 657 ’
981 669 1188 729 soaaocals
1209 669 1458 741 euticianam.

439 802 565 862 omnium
591 804 628 861 sit
652 804 848 881 antiquissima
865 800 1018 873 'narratio,
1044 822 1100 879 qua
1129 807 1192 861 Me-
1249 801 1349 860 bribns
1363 805 1392 861 in
1403 804 1478 860 illius
1490 802 1629 860 honorem
1643 802 1780 859 institutis
1791 802 1819 859 iu
1834 820 1910 859 omne
1922 816 1979 859 terrr-

427 891 499 948 'deae
510 889 636 948 lacrnore
647 891 737 949 Pelias
755 890 924 947 interemtus
939 902 1122 947 memoratur.
1139 895 1194 947 At·
1250 891 1481 970 pushonomtur.

440 979 504 1055 tigit
518 978 596 1036 illam
617 978 757 1036 Pindarus
773 982 902 1053 1v‚249.
921 977 1040 1035 Ovidius
1060 990 1154 1033 autem
1168 989 1197 1033 et
1289 980 1400 1039 Chorus
1423 980 1604 1037 Rhizotomoe
1626 990 1711 1047 suut,
1735 977 1840 1035 medeae
1861 980 1980 1047 comites,

439 1068 591 1125 Pausanias
605 1067 703 1142 (vm,
721 1086 775 1135 ιι,
792 1063 838 1141 ra)
852 1065 953 1123 dolum
966 1065 995 1121 in
1018 1085 1054 1121 eo
1070 1066 1195 1142 positum
1251 1079 1403 1145 praesentes
1428 1066 1513 1125 rebus
1537 1067 1651 1143 magicis
1677 1064 1873 1141 transigendis.
1896 1070 1980 1143 Neque

441 1165 572 1223 tramant,
592 1165 624 1209 ut
646 1151 748 1209 Medea
767 1150 864 1209 odium
885 1172 949 1209 cum
968 1153 1070 1209 marito
1094 1153 1196 1210 falsum
1249 1156 1324 1215 caim
1339 1154 1477 1213 credibile
1488 1168 1562 1212 esta
1582 1154 1672 1211 choro
1685 1152 1789 1212 herbas
1811 1166 1896 1211 sectas
1916 1175 1979 1229 esse,

440 1240 618 1296 simulaverit
641 1239 821 1317 supplexque
845 1239 882 1295 ad
907 1239 1012 1297 Peliam
1036 1241 1197 1318 confugerit
1250 1244 1279 1302 id
1300 1243 1378 1320 quod
1401 1256 1521 1320 apparet
1543 1244 1701 1319 fragmento
1723 1242 1801 1318 apud
1823 1242 1981 1299 Macrobiam

440 1326 562 1403 ideoque
577 1326 702 1384 Peliadas
716 1325 879 1399 induxerit,
894 1339 925 1383 ut
938 1326 1024 1386 fidem
1035 1327 1090 1385 sibi
1104 1326 1196 1385 habc-
1250 1336 1363 1389 Satura.
1378 1335 1414 1401 V,
1431 1350 1466 1403 ¹9
1480 1352 1487 1386 :
1502 1356 1513 1379 ι
1527 1329 1678 1407 Sophoclis
1692 1342 1786 1387 autem
1800 1330 1931 1407 tragqedia
1945 1331 1982 1400 it,

442 1424 523 1483 rent,
537 1412 682 1470 Diodorus
698 1412 827 1471 Medeam
841 1426 975 1490 tanquam
993 1414 1091 1472 Dianas
1102 1435 1198 1473 sacer·
1250 1419 1356 1494 dequo
1370 1417 1541 1493 quarinum,
1556 1416 1641 1474 etiam
1656 1418 1740 1473 titulo
1752 1416 1879 1493 praesent.
1893 1418 1981 1474 Inseri-

442 1498 539 1557 dotem
555 1500 584 1557 in
607 1499 726 1558 domum
748 1499 832 1557 Peliae
858 1501 972 1559 missam
997 1503 1196 1575 narrat,dnm
1250 1504 1328 1563 bitur
1341 1505 1415 1561 enirn
1429 1502 1637 1580 ‘Primigenia
1654 1522 1711 1581 qua
1725 1503 1855 1561 Medeam
1869 1503 1982 1563 describit

441 1591 524 1643 lason
537 1607 628 1664 prope
635 1590 745 1646 Iolcum
759 1606 820 1645 sese
833 1589 1198 1666 occtrluerit.hpnllodorus
1251 1592 1389 1649 maleficas
1402 1589 1506 1649 herbas
1528 1604 1687 1659 secantem,
1700 1591 1750 1649 sed
1764 1611 1903 1663 aversam,
1921 1614 1951 1650 ne
1963 1596 1982 1647 ii

440 1687 536 1731 autem
549 1674 637 1732 tradit
649 1680 777 1733 Iasonem
792 1676 821 1732 in
830 1677 969 1734 Isthmum
982 1678 1154 1753 proiectum,
1167 1691 1198 1735 ut
1251 1681 1329 1737 noxii
1343 1680 1440 1738 odoris
1458 1682 1520 1757 ipsa
1535 1681 1761 1751 interficeretur,
1779 1694 1808 1738 et
1822 1702 1916 1740 succos
1928 1684 1982 1757 qni·

441 1764 578 1835 Neptuno
590 1766 667 1838 Argo
681 1780 781 1819 navem
795 1775 993 1835 consecraret,
1006 1763 1073 1819 dum
1096 1764 1198 1821 Medea
1251 1767 1314 1825 dem
1334 1766 1487 1825 herbarum
1510 1770 1538 1825 in
1560 1768 1648 1825 cados
1671 1788 1764 1827 aeneos
1788 1770 1982 1839 refundentem,

441 1848 471 1904 in
483 1850 569 1907 Peliae
591 1848 707 1906 domum
729 1849 908 1916 mitteretur,
928 1849 958 1907 id
977 1850 1054 1926 quod
1073 1850 1197 1909 alienum
1251 1856 1327 1933 ipsas
1341 1868 1436 1913 autem
1456 1855 1560 1913 herbas
1574 1857 1658 1913 aeneis
1678 1856 1798 1915 falcibus
1812 1870 1980 1915 exsecantem.

441 1948 510 1993 esta
525 1937 667 2013 tragoedia.
682 1936 832 2013 Quidquid
843 1950 937 1995 autem
952 1950 1061 1995 veteres
1073 1939 1198 2016 scripto·
1251 1942 1404 2020 Sophoclis
1416 1962 1514 1999 versus
1528 1942 1556 2009 1ιί
1571 1956 1653 2000 stant:

441 2041 486 2079 rea
501 2022 679 2100 discrepant,
694 2044 794 2081 omnes
810 2025 943 2082 tamenin
957 2045 992 2083 eo
1007 2027 1198 2097 consentiunt,

441 2108 572 2167 Medeam
585 2110 668 2168 initio
679 2110 796 2167 arietem
804 2110 952 2180 occidisse,
963 2130 1022 2187 quo
1031 2113 1089 2169 vim
1105 2111 1198 2169 medi·
1386 2184 1394 2203 ,
1424 2180 1432 2205 ,
1484 2182 1491 2201 ν
1598 2191 1612 2203 .
1687 2176 1713 2213 'r
1869 2194 1882 2205 Β

441 2198 585 2255 caminum
592 2197 713 2273 juvenes
722 2198 889 2256 reddentem
898 2202 1073 2270 ostenderet,
1082 2214 1111 2257 et
1119 2201 1198 2259 testis
1381 2205 1452 2245 θπῡν
1474 2206 1613 2273 “illvm
1634 2207 1788 2259 Ws‘tttss
1806 2208 1898 2273 τθμῒιί

441 2296 486 2341 est
510 2285 733 2364 Agatharchides
763 2285 887 2344 fabulam
914 2287 945 2344 in
973 2291 1048 2346 hunc
1079 2288 1198 2347 modum
1380 2295 1535 2383 χαλκέοισι
1548 2285 1654 2372 κάδοις
1674 2287 1810 2386 δέχεται,

442 2380 632 2456 compositam
656 2399 671 2437 a
698 2380 813 2457 tragicis
838 2382 931 2457 poetis
955 2396 1098 2459 receptam
1130 2404 1199 2443 esse.
1251 2418 1383 2493 Egpguqo

1250 2070 1332 2150 [⁴23]
1380 2054 1408 2133 H
1427 2058 1455 2131 δ’
1470 2061 1598 2143 ἐξοπίσω
1614 2070 1699 2159 χερὸς
1714 2070 1800 2159 ὄμμα
1814 2064 1942 2158 τρέποοσ’

1396 2429 1461 2493 post

443 2555 530 2612 tineri
542 2570 647 2614 censet.
662 2563 721 2615 «At
735 2561 829 2631 lason,
842 2559 952 2635 inquit,
972 2561 1053 2638 signo
1067 2582 1084 2619 a
1096 2562 1200 2621 Medea
1670 2530 1711 2593 Αἰ
1726 2519 1761 2592 δὲ
1776 2532 1921 2595 καλυπτά

356 2651 358 2654 “
444 2658 563 2719 accepto
579 2644 659 2721 regia
672 2657 715 2703 est
728 2645 836 2723 potitus
850 2654 1012 2724 Acastoque
1030 2648 1115 2707 Peliae
1126 2652 1200 2724 lilio,
1382 2638 1483 2705 itiorm
1501 2632 1585 2730 ῥῑζόΝ
1603 2643 1769 2733 *pilentum
1787 2641 1891 2733 ῗψὰζι

444 2730 526 2788 fratri
551 2731 711 2805 Peliadum,
738 2732 819 2809 quod
841 2753 939 2791 secum
969 2736 1092 2794 Colchos
1114 2741 1200 2809 ierat,
1382 2746 1416 2828 ἃς
1433 2742 1489 2824 ἥδε
1507 2755 1599 2835 poca&
1615 2750 1822 2845 paupe„

444 2837 562 2894 regnum
575 2833 726 2896 paternum
737 2820 870 2894 tradidit;
882 2822 945 2901 ipse
956 2842 1022 2881 cum
1034 2824 1134 2883 Medea
1147 2830 1201 2884 Co-

442 2906 571 2963 rinthum
582 2908 729 2982 profectus
736 2919 790 2969 est.
801 2914 862 2966 »Ac
871 2909 945 2967 faces
955 2910 1079 2970 Diodori
1088 2913 1201 2989 egregie

442 2990 527 3049 docet
538 2993 682 3070 tragoediae
698 2991 860 3066 convenire,
872 2996 988 3071 quando
1001 2998 1074 3056 cade
1086 3010 1202 3077 peracta
1252 2994 1262 3072 (
1273 3001 1386 3055 «Versu
1399 3020 1430 3073 ²,
1442 3000 1537 3077 iuquit
1548 3000 1710 3063 Lobecklus
1720 3004 1852 3083 (Pamnp-
1860 3010 1884 3075 l,
1898 3024 1921 3081 Ρ·
1933 3003 1978 3074 5⁰1}

442 3073 542 3137 Medea
552 3080 583 3137 in
595 3092 699 3137 tectum
715 3100 745 3138 se
757 3102 821 3139 cnm
837 3084 922 3141 Peliae
940 3085 1053 3144 filiabus
1067 3088 1199 3144 contule·
1252 3087 1348 3153 verbis
1359 3088 1421 3149 daha
1437 3094 1561 3171 ἀργινεφῆ
1574 3095 1726 3171 significari
1738 3096 1851 3155 videtur
1864 3095 1977 3155 taenari

442 3165 501 3238 rit,
513 3178 545 3224 ut
565 3168 700 3245 precibus
721 3171 821 3229 Dianas
835 3173 1038 3250 supplicarent.
1059 3176 1136 3234 Pelia
1161 3176 1202 3234 lu·
1253 3176 1388 3252 quiddam
1399 3223 1408 3246 ,
1420 3179 1497 3257 quod
1509 3182 1706 3261 Hippocratiei
1713 3184 1829 3264 ὁμίχλας
1842 3186 1926 3244 dicere
1939 3204 1975 3240 so

444 3273 512 3310 nere
527 3255 678 3329 magnifico
692 3256 768 3314 elato
788 3258 915 3318 Peliadas
928 3263 1088 3338 emigrasse.
1253 3267 1423 3338 lent,Latini
1435 3270 1599 3332 nubeculas.
1613 3274 1643 3350 ι)
1654 3275 1752 3333 Choro
1760 3275 1846 3334 verba
1857 3271 1976 3334 tribuenda

483 3344 555 3410 Quae
568 3343 707 3417 exposui,
728 3345 895 3420 praeclarum
919 3347 957 3404 ad
975 3351 1200 3425 componendam
1253 3369 1335 3426 sunt,
1357 3356 1438 3432 cujus
1467 3371 1534 3416 sunt
1556 3381 1656 3420 uersus
1683 3361 1762 3440 apud
1793 3363 1878 3422 schol.
1903 3361 1975 3438 apol.

444 3426 611 3506 tragoediam
633 3443 829 3505 argumentum
842 3433 991 3492 exhibent.
1008 3436 1099 3494 Pelias
1112 3439 1201 3496 exitio
1252 3441 1344 3500 ahod.
1360 3447 1417 3514 111,
1435 3445 1509 3502 1213
1524 3447 1606 3504 relati
1619 3471 1626 3506 :
1637 3445 1703 3508 'Ort
1717 3446 1745 3507 dl
1764 3447 1890 3520 ri‘Exr'ra
1905 3441 1975 3526 ipsiu

439 3512 499 3587 jam
516 3514 636 3571 oraculo
652 3514 809 3575 destinatus
821 3539 871 3578 rex
882 3539 940 3579 non
955 3536 998 3580 est
1012 3525 1159 3598 innocens,
1172 3538 1202 3584 at
1252 3529 1341 3609 κλάδῳ
1348 3527 1469 3611 στέφεται
1481 3533 1523 3592 aul
1540 3533 1662 3616 δρᾶκσοσι
1671 3537 1716 3595 ital
1736 3539 1868 3620 Σοφοκλῆς
1878 3541 1900 3596 ἐι
1909 3537 1975 3602 Ῥιζι-

442 3599 553 3658 validus
565 3602 689 3678 imperio
701 3603 780 3680 quod
791 3605 933 3679 obtinuit3
946 3614 1029 3667 Iason
1041 3611 1127 3670 rebus
1141 3635 1201 3671 ma-
1251 3615 1340 3695 τόμοις
1354 3618 1507 3699 παρεισάγει
1515 3621 1558 3680 τὀν
1570 3623 1647 3704 χορὸν
1663 3623 1772 3700 λέγοντα
1784 3649 1791 3664 ·

398 3703 402 3709 ’
443 3685 507 3763 gnis
527 3688 613 3764 gestis
637 3691 805 3767 praeclarus,
823 3695 920 3753 multis
942 3696 1055 3772 injuriis
1076 3703 1201 3778 acceptis

443 3775 538 3833 adhuc
552 3778 706 3852 innocens,
723 3784 840 3841 oraculo
859 3785 888 3842 is'
906 3799 949 3843 est
961 3786 1137 3862 destinatus,
1150 3793 1200 3866 qui
1252 3759 1332 3838 [Μ]
1649 3747 1724 3830 HM
1738 3757 1867 3834 δέσποτα

442 3862 525 3921 Peliae
534 3884 653 3942 regnum
664 3869 701 3926 sit
710 3869 906 3948 adempturus.
916 3874 951 3931 vi
963 3875 1033 3932 nihil
1049 3876 1124 3935 effici
1146 3899 1200 3954 po·
1382 3870 1433 3938 καὶ
1450 3885 1508 3964 πῦρ
1525 3875 1617 3966 ἱερὸν,
1638 3888 1693 3954 τῆς
1713 3872 1838 3954 εἰνοδίοις

444 3962 514 4020 test;
528 3951 565 4008 ad
578 3953 662 4012 dolos
677 3957 849 4015 veniendum
871 3973 922 4017 est.
943 3963 980 4018 Hi
993 3975 1090 4021 autem
1106 3965 1200 4024 minus

442 4042 618 4100 conveniunt
637 4044 825 4123 viro.1taque
839 4049 941 4107 mulier
958 4052 988 4108 in
1009 4065 1104 4128 partes
1121 4054 1199 4112 illins
1468 4103 1475 4124 ι
1530 4102 1539 4126 ι
1680 4105 1687 4124 ι
1731 4115 1743 4130 .
1838 4105 1847 4128 ι

442 4125 632 4188 substituitur.
642 4136 692 4189 Est
701 4152 768 4191 vero
777 4154 894 4194 summae
905 4139 1076 4212 calliditatis,
1087 4144 1111 4199 si
1123 4155 1198 4198 atro·
1382 4106 1479 4173 πολλ’]
1503 4127 1623 4194 ieim‘
1640 4130 1690 4170 και
1707 4132 1779 4198 γῆς’
1798 4117 1904 4172 “W

442 4211 486 4270 cia
500 4215 570 4273 velis
582 4219 659 4290 lieri,
670 4239 702 4276 ea
718 4239 770 4296 per
783 4222 854 4281 alios
870 4227 1042 4303 transigere,
1054 4231 1123 4286 dum
1138 4230 1199 4307 ipse
1383 4211 1461 4302 ἱερὰς
1475 4207 1628 4305 Τριόδῦυςι
1647 4223 1889 4309 σῖῑφανωσᾱμὲἳη

443 4310 473 4355 ιιι
489 4302 562 4360 nihil
580 4305 674 4363 iacias.
688 4307 790 4367 Medea
810 4323 915 4385 autem,
939 4315 1099 4373 Peliadibus
1112 4317 1199 4374 dece-

443 4388 516 4462 ptis,
528 4410 591 4465 quae
605 4405 717 4470 patrem
733 4397 803 4473 ipsae
814 4418 896 4456 suum
913 4401 1100 4471 interficiunt,
1113 4406 1199 4464 ultio-

442 4494 507 4532 nem
521 4476 623 4537 timens
637 4500 723 4540 curru
743 4484 819 4543 alato
837 4487 915 4556 abit3
934 4502 963 4547 at
985 4491 1077 4548 Pelias
1093 4493 1200 4568 majore

442 4562 546 4636 injuria
560 4580 678 4645 accepta
697 4589 783 4645 quam
803 4574 866 4649 ipse
883 4576 1002 4648 lecerat,
1022 4577 1095 4635 ludis
1114 4581 1197 4637 lune·
1252 4580 1327 4660 (Η
1346 4581 1486 4641 nobraens
1502 4586 1619 4662 conjicit
1640 4586 1731 4666 ἔγχος,
1759 4587 1789 4647 rh
1808 4587 1839 4646 δι’
1855 4583 1969 4660 otium

440 4699 1970 4740 ——-——·——--——-·—-..—-.....-

788 4805 851 4855 428.
1410 4833 1416 4844 ·
1595 4820 1658 4870 42⁴.

510 4915 562 4972 Illa
572 4932 635 4973 vero
649 4928 721 4976 retro
732 4937 747 4978 a
759 4938 841 4978 manu
854 4925 964 4981 oculum
978 4936 1100 4984 avertens
1684 4961 1731 5018 501
1745 4959 1850 5018 domina

510 5009 622 5051 succum
632 4997 780 5056 candidum
791 5013 929 5060 exsectum
938 5002 1114 5064 distillantem
1353 5045 1381 5093 ει
1393 5036 1486 5094 lumen
1500 5053 1619 5105 mm,
1631 5039 1816 5098 summaria

511 5073 594 5129 asneis
606 5077 677 5132 rasis
690 5079 798 5152 accipit.
1353 5117 1463 5172 Hem
1476 5111 1857 5194 ,equmqugwogmpum

861 5192 1054 5248 Tectaeautem
1272 5253 1275 5259 ,
1354 5191 1438 5250 multa
1451 5193 1554 5250 incedit
1568 5203 1717 5266 artemam,
1732 5215 1810 5256 uram

544 5260 620 5317 etsta
632 5261 753 5319 radicum
768 5275 889 5323 sectores
902 5269 1047 5335 occulunt,
1219 5313 1226 5544 q
1352 5289 1428 5330 sacra
1440 5275 1527 5332 trivia
1542 5285 1699 5334 coronata.

1382 2868 1478 2956 γυμνὴ
1499 2869 1638 2957 χαλκέοις
1654 2869 1719 2958 ripa
1733 2848 1927 2959 dpeaaieoqu

1383 3975 1505 4064 Eutime
1520 3989 1618 4082 ἔγχος,
1634 4002 1679 4076 τῷ
1697 3981 1736 4056 δι’
1754 3977 1892 4084 illigans

1383 4317 1402 4390 d
1406 4325 1451 4418 ρυῒ
1463 4329 1514 4394 καὶ
1527 4335 1666 4409 πλεκτοῖς

1382 4448 1470 4531 ὠμῶν
1486 4443 1634 4534 σπείραισι
1647 4439 1830 4538 δρακόντων.

545 5353 613 5409 quas
627 5339 685 5396 hec
698 5341 832 5414 clamans,
849 5347 953 5418 ejulans
1352 5367 1453 5424 quercu
1466 5363 1494 5409 et
1505 5355 1632 5412 muneris

546 5414 618 5472 nuda
632 5419 715 5475 aeneis
728 5421 880 5480 demetcbat
892 5424 1017 5485 falcibus.
1353 5449 1486 5490 saemrum
1500 5431 1650 5492 dracomm
1666 5437 1755 5515 spiris.
