4567 6425
470 602 524 707 ais
1023 645 1235 707 sornocns

803 781 865 831 803.

506 866 602 923 Schol,
617 866 735 923 Homeri
750 866 830 925 Iliad.
842 872 865 933 1,
876 867 949 933 453:
967 866 1109 944 Σοφοκλῆς·

545 964 590 1055 ος
606 978 647 1066 μθ
672 980 800 1046 πέπονθε
823 975 908 1070 τάμθι
930 980 970 1068 μὴ
994 979 1175 1061 βουλευέτω.

816 1101 879 1152 804.

507 1188 672 1244 Eustnthins
684 1206 711 1262 p.
730 1188 801 1258 1²37
814 1208 820 1242 :
835 1189 1082 1264 Διαγνωμσνοῦντος
1091 1182 1231 1261 Ἀχιλλέως

468 1274 507 1332 ὅτι
523 1298 552 1333 τε
570 1274 689 1355 εὐψύχως
704 1274 743 1331 ἐτι
765 1276 908 1345 διάκειται,
924 1275 969 1333 καί
987 1275 1064 1356 διερῷ
1081 1275 1158 1347 ποδί,
1172 1276 1229 1332 καθ’

467 1362 630 1443 Ὅμηρον,ἣ
644 1363 745 1443 χλωρὸν
762 1362 823 1438 γόνυ
840 1362 907 1421 κατὰ
922 1362 1063 1443 Θεόκριτον
1077 1362 1157 1441 ἔχων,
1175 1356 1231 1442 βαί-

467 1476 525 1529 νει,
543 1452 587 1511 καὶ
608 1452 680 1510 οὔπω
696 1452 751 1517 δέος
771 1454 807 1517 εἰς
821 1451 950 1510 άλίθαντα
964 1461 1121 1510 καταπεσεῖν
1136 1453 1231 1525 αὐτὸν,

468 1545 545 1607 ζῶντι
565 1542 625 1599 ποθὶ
652 1538 806 1621 χρώμενον,
831 1538 866 1605 ὥς
888 1564 953 1621 φησι
979 1541 1123 1623 Σοφοκλῆς.
1148 1543 1228 1601 Conl.

443 1668 448 1681 ·
469 1631 568 1706 fragm.
584 1632 652 1688 866.

508 1798 673 1855 Eustathins
687 1818 712 1875 p.
731 1799 806 1855 1538
819 1723 917 1876 ίίλὸἐγει
930 1797 960 1857 δέ
972 1822 1022 1857 που
1037 1797 1081 1857 καί
1095 1799 1232 1875 Σοφοκλῆς

469 1887 510 1959 τὸ,
526 1889 665 1966 ’ληροῦντα
678 1884 736 1952 τοὺς
747 1886 869 1965 λέγοντας
883 1888 928 1945 καὶ
939 1888 1084 1965 συνάγοντα
1096 1888 1142 1953 τίις
1155 1891 1233 1969 ὀφρῦς

469 1974 514 2032 καὶ
536 1978 582 2040 τὰς
606 1974 720 2040 ἀκάνθας
738 1975 918 2053 ἐπεγείραντα·
940 1975 1019 2034 εἰπὼν
1041 1981 1117 2035 τοῦτο
1138 1979 1232 2041 ἐκεῖνος

469 2066 503 2127 ιὀς
518 2064 570 2121 ἀπὸ
584 2061 691 2141 ἰχθύων,
705 2062 730 2122 ol
742 2060 789 2130 τθις
802 2061 914 2128 ἀκάνθας
925 2066 1029 2143 ὀρθοῦσι
1042 2069 1126 2145 καιρῷ
1140 2052 1239 2142 θυμοῦ..

470 2152 607 2210 «Fesettir
630 2151 731 2229 procul
753 2150 842 2209 dubio
868 2155 1004 2211 memoria
1027 2156 1231 2212 Eustatlrium:

468 2263 534 2319 qnae
544 2241 1106 2320 tanquamsophoclisprofert,tragicum
1116 2244 1233 2302 minime

469 2332 620 2402 redolent;
632 2330 833 2409 Aristophanis
847 2331 943 2408 potius
954 2351 1016 2389 esse
1029 2333 1208 2391 crediderim.
1221 2361 1233 2386 ν

470 2425 599 2477 Βιιυεισι.
652 2486 663 2505 0

819 2502 881 2553 806.

510 2579 610 2637 Cicero
621 2577 656 2634 ml
670 2578 795 2635 Atticum
809 2582 846 2645 ΙΙ,
862 2579 911 2635 16:
924 2607 935 2629 ν
947 2584 1042 2639 Cnens
1053 2583 1168 2660 quidem
1181 2603 1233 2639 no·

468 2678 527 2723 ster
536 2665 596 2741 jam
614 2665 698 2741 plane
711 2666 779 2742 qnid
795 2667 902 2743 cogitet
916 2670 1033 2726 nescio:

504 2778 609 2863 ,Φυσᾷ
623 2772 681 2867 γάρ
704 2778 737 2840 οὐ
748 2783 924 2867 ’σμικροῖσιν
946 2780 1096 2858 αὐλίσκοις
1111 2783 1177 2867 ἔτι,

522 2892 588 2957 ἀλλ’
604 2890 721 2982 ἀγρίαις
738 2894 858 2982 φύσαισι
877 2891 1018 2986 φορθειοῖς
1038 2894 1122 2989 ἄτερ.
1143 2924 1154 2945 ¹¹

470 3004 616 3079 Longirms
632 3003 696 3079 ΙΙερὶ
713 3000 791 3081 ὕφους
810 3025 834 3060 c.
849 3009 907 3075 ΙΙΙ,
924 3026 940 3062 a
955 3029 961 3062 :
977 3009 1088 3066 Γελᾶται
1105 3008 1144 3067 ἔτι
1161 3012 1231 3087 μᾶλ-

469 3089 513 3145 λον
526 3089 559 3147 τά
570 3088 742 3167 Κλειτάρχου.
753 3088 895 3161 (Ιὶλυιώδης
904 3091 954 3171 γάρ
965 3097 980 3151 θ
995 3094 1062 3174 ἀνὴρ
1076 3097 1121 3154 καὶ
1132 3102 1231 3179 φυσῶν,

469 3176 536 3236 κατὰ
550 3176 594 3235 τὀν
610 3176 757 3257 Σοφοκλέα,
774 3180 803 3236 οὐ
820 3189 940 3259 σμικροῖς
953 3181 1000 3259 μὲν
1012 3183 1153 3261 αὐλίσκοις,
1168 3210 1231 3268 φορ-

468 3264 539 3330 ὅεεᾶς
555 3267 577 3322 θ’
589 3265 660 3343 ἄτερ.

816 3353 877 3400 807.

507 3424 664 3499 Dionysius
681 3423 768 3482 llalic.
784 3429 827 3483 De
841 3440 982 3487 structura
998 3435 1137 3492 orationis
1152 3458 1179 3514 p.
1193 3439 1230 3495 66

468 3511 536 3569 edit.
550 3512 676 3588 Upt0n.:

547 3624 625 3688 Μύω
644 3648 678 3690 τε
695 3625 746 3689 καὶ
767 3615 898 3717 θίθορκα
915 3623 1159 3724 κάξανίσταμαι,

547 3744 649 3804 πλεῖον
667 3738 826 3828 φυλάσσων
850 3741 973 3818 αὖτθςῆ
994 3747 1195 3840 φυλάσσομαι.

815 3856 876 3905 808.

505 3936 665 3994 Scholiasta
679 3938 793 3996 Pindari
807 3941 921 4018 Olymp.
937 3947 961 4014 Ι,
974 3965 1009 4019 97
1022 3967 1029 4001 ε
1042 3944 1127 4004 Ἔνιοι
1138 3947 1176 4018 δὲ,
1190 3949 1229 4007 ὅτι

467 4023 525 4102 τρία
542 4024 647 4103 λέγεται
664 4028 757 4092 κοινῶς
771 4028 814 4084 καί
828 4028 862 4086 τά
874 4030 938 4109 πρὸς
951 4031 995 4089 τὸν
1010 4033 1119 4093 θάνατον
1134 4059 1228 4118 συνερ-

465 4116 570 4188 γοῦντα,
583 4112 660 4192 ξίφος,
674 4113 784 4191 ἀγχόνη,
799 4119 922 4198 κρημνός.
938 4123 1090 4201 Σοφοκλῆς·

518 4225 610 4289 Λύσω
624 4221 701 4315 γάρ,
718 4224 743 4289 εἰ
760 4227 811 4292 καὶ
827 4239 889 4294 τῶν
905 4244 994 4322 τριῶν
1008 4231 1038 4298 ἓν
1055 4234 1187 4327 οἴσομαι.

1253 644 1505 709 FRAGMENTA.

1634 792 1694 840 800.

1325 859 1483 920 Scholiasta
1498 865 1612 926 Pimlari
1628 872 1708 947 Pyth.
1718 878 1766 943 lt',
1779 896 1844 933 aar:

1339 955 1424 1072 Ιλγλ
1442 983 1571 1073 Φεραία,
1588 994 1688 1079 χαῖρε,
1704 992 1836 1085 σύγγονόν
1850 996 1871 1061 θ’
1885 988 1963 1089 ὖθιιρ,

1338 1080 1465 1188 Ϋπίρεια
1480 1104 1590 1188 κρήνη,
1607 1108 1688 1194 νοῖμα
1705 1105 1918 1195 θεοφιλέστατον.

1637 1228 1699 1277 810.

1326 1305 1483 1364 Scholiasta
1497 1308 1613 1368 Pindari
1632 1317 1714 1371 Nem.
1729 1318 1771 1385 X,
1791 1316 1841 1391 59:
1857 1320 1901 1375 Καὶ
1916 1318 1954 1398 pl?
1968 1322 1989 1377 ιλ

1286 1396 1389 1474 πρῶτον
1404 1391 1516 1472 ἔσχατον
1528 1399 1592 1457 ποτὲ
1603 1400 1707 1461 δύναται
1721 1402 1838 1478 γενέσθαι,
1851 1406 1890 1465 καὶ
1900 1409 1923 1465 ai
1934 1410 1988 1485 ἔσχε-

1285 1504 1347 1556 τον,
1364 1485 1476 1563 πρῶτον.
1500 1485 1638 1564 Κέχρηται
1660 1490 1704 1549 καὶ
1725 1482 1849 1574 Σοφοκλῆς
1869 1500 1900 1575 τῷ
1916 1498 1989 1575 ἐσχάτῳ

1287 1572 1344 1629 ἀντὶ
1360 1577 1406 1630 τοῦ
1421 1571 1540 1653 πρώτου·
1608 1648 1611 1653 Ι

1326 1738 1330 1747 ,
1368 1666 1437 1756 Illa
1457 1684 1514 1778 γὰρ
1527 1678 1604 1770 talpa
1627 1693 1700 1769 Ζεὺς
1712 1695 1741 1757 ἐν
1757 1695 1866 1784 ἐσχάτῳ
1880 1696 1944 1762 θεῶν.

1288 1796 1446 1853 Brunclius
1463 1795 1518 1875 ἔχει
1533 1797 1583 1878 γάρ
1597 1798 1684 1881 ἴδριν.

1641 1903 1703 1953 811.

1314 1981 1485 2041 *Scholiasta
1501 1987 1629 2063 AEschyli
1647 1993 1753 2049 Persai.
1769 2010 1795 2048 ν.
1811 1993 1872 2049 ιθιε
1889 1991 1989 2059 'hialim

1288 2092 1333 2147 μοι
1343 2068 1497 2149 θύογυναὶκ’
1509 2076 1632 2149 εὐείμονε.
1644 2074 1778 2137 Ἰἰντεῦθεν
1789 2078 1989 2159 attitulata

1288 2180 1318 2217 το

1366 2258 1529 2345 Ιῖθοξάτην
1547 2299 1599 2363 μοι
1617 2272 1658 2341 τὰ
1676 2266 1722 2340 δύ’
1738 2277 1843 2367 ήπείρω
1856 2284 1943 2365 μολεῖν.

1286 2384 1356 2455 Quae
1366 2395 1502 2458 corrupta
1513 2384 1589 2461 apud
1601 2386 1796 2444 Herodianum
1806 2390 1910 2445 Pienon.
1918 2409 1938 2465 p.
1947 2390 1989 2455 tlt

1325 2557 1484 2615 Scholiasta
1499 2486 1758 2637 Euripirlissiliest.
1775 2584 1798 2619 ν.
1811 2565 1877 2630 rto:

1367 2650 1452 2760 οργλ
1469 2670 1609 2761 γέροντος
1623 2674 1701 2737 ὥστε
1719 2675 1849 2762 μαλθακὴ
1864 2674 1931 2749 κοπὶς

1367 2784 1395 2845 ἐν
1412 2782 1489 2872 χειρὶ
1506 2783 1603 2875 θήγει,
1623 2785 1677 2850 σὺν
1696 2786 1781 2878 τάχει
1802 2781 1829 2853 θ’
1841 2784 1988 2878 ᾰμθλάνετιι.

1640 2900 1704 2951 813.

1325 2979 1484 3038 Scholiasta
1501 2983 1648 3059 Euripidis
1664 2987 1758 3045 Orest.
1772 3006 1796 3042 ν.
1813 2990 1877 3062 ipa:

1365 3080 1420 3156 Ᾱεὶ
1436 3090 1492 3183 γὰρ
1510 3091 1540 3158 εὖ
1553 3095 1716 3161 πίπτουσιν
1732 3096 1760 3161 οἱ
1775 3099 1837 3174 Διὸς
1851 3092 1928 3162 alin.

1285 3201 1500 3261 «Proverbialis
1518 3218 1561 3262 est
1575 3206 1705 3264 senarius
1720 3208 1779 3266 sine
1794 3208 1902 3264 auctoris
1913 3205 1991 3262 nnnin·

1285 3311 1359 3368 saepe
1373 3293 1485 3350 citatus.
1505 3295 1579 3374 Vide
1593 3297 1707 3355 Erasmi
1725 3299 1827 3376 Arlagia
1838 3297 1894 3355 chil.
1909 3301 1929 3364 l,
1941 3307 1990 3350 ενοι.

1285 3384 1338 3448 ΙΙΙ,
1349 3401 1378 3457 9.
1394 3387 1547 3440 channen.

1638 3480 1703 3530 814.

1325 3563 1422 3622 Schol.
1440 3568 1525 3622 ΗΟΙΙΙ.
1537 3567 1570 3626 ll.
1585 3570 1618 3642 Σ,
1632 3580 1709 3641 271μ
1726 3571 1814 3634 Σθένφς
1830 3569 1871 3639 τὴν
1887 3561 1991 3637 hipapanti

1284 3651 1340 3707 ἐστι
1357 3649 1403 3720 τὴν
1418 3654 1551 3732 στρατιάν.
1567 3655 1646 3714 Οὕτω
1666 3660 1712 3718 καὶ
1729 3663 1752 3716 ol
1769 3663 1903 3738 συγγραφεῖς
1914 3653 1990 3726 δύναμιν

1284 3739 1392 3796 καλοῦσι
1411 3740 1440 3797 τὸ
1455 3742 1615 3820 στράτευμα.
1629 3747 1684 3805 Καὶ
1698 3749 1836 3828 Σοφοκλῆς.

1336 3834 1377 3912 Ea
1395 3857 1490 3916 τοῖσιν
1502 3855 1604 3932 ἵπποις
1625 3863 1721 3923 τοῖσιν
1738 3861 1931 3949 ἐκλελειμμένος

1336 3955 1412 4028 ilina
1427 3963 1452 4029 ei
1469 3975 1613 4059 χωρῶμεν
1636 3967 1654 4044 ἢ
1674 3975 1765 4039 παντὶ
1782 3976 1874 4041 σθένει.

1283 4079 1379 4138 Verba
1393 4097 1539 4161 cmrnpta.
1552 4085 1631 4145 Ἰθιον
1645 4089 1674 4146 in
1690 4089 1763 4160 ἥδιον
1775 4090 1927 4149 ιυιιεοιιιλειιι.
1938 4081 1989 4160 ,tlt

1282 4170 1492 4231 Schneidewin.
1505 4177 1540 4233 atl
1556 4176 1657 4236 Orion.
1668 4181 1756 4238 Antlr.
1775 4202 1801 4259 p.
1818 4200 1873 4250 ιον,
1891 4197 1918 4233 ex
1936 4171 1989 4246 cajo

1283 4260 1483 4320 emendatione
1497 4284 1594 4322 versos
1610 4266 1698 4326 latine
1712 4271 1806 4346 verri.)

902 4385 1983 4422 -··-——-—....---......-......---

810 4463 872 4512 803.

463 4533 516 4604 Qui
528 4505 589 4588 mea
601 4548 744 4605 perpessos
759 4552 813 4591 non
827 4546 880 4605 est,
893 4555 927 4596 nc
940 4542 1007 4599 milri
1018 4549 1154 4605 consulat.

378 4724 382 4735 .
463 4691 553 4760 Spirat
563 4693 634 4746 enim
648 4690 738 4748 adhuc
747 4621 901 4766 noniiiiis
910 4698 993 4763 tibiis,
1085 4681 1092 4694 .

462 4768 511 4825 sed
524 4771 604 4825 savis
616 4770 729 4827 follibus
741 4772 800 4829 sine
814 4776 943 4846 capistro.

462 4937 599 4992 conniveo
611 4945 639 4992 et
645 4939 784 5010 conspicio
798 4869 962 5015 εέλέιευεφο,

463 5016 548 5087 niagis
560 5016 717 5089 custodiens
732 5018 789 5091 ipse
801 5037 883 5093 qnam
899 5025 1048 5082 custodior.

812 5115 874 5164 808.

461 5181 569 5238 solvam
583 5183 668 5250 enim,
679 5185 785 5241 etiamsi
798 5201 829 5242 ex
836 5189 925 5246 trihus
932 5207 1018 5248 unum
1032 5193 1129 5252 femin.

806 5285 869 5334 809,

460 5353 565 5408 Oterra
580 5350 701 5422 Pheraeo,
715 5355 800 5426 salve,
816 5369 987 5432 cognataque.
999 5364 1083 5432 unda,

460 5424 666 5504 hypotheseos,
679 5435 766 5506 liquor
781 5437 834 5492 diis
849 5441 1029 5509 gratissimus.

1626 4489 1690 4539 810.

1279 4555 1389 4625 (Habet)
1400 4558 1472 4614 enim
1485 4559 1565 4616 sedes
1577 4563 1706 4636 luppiter
1719 4565 1748 4620 in
1762 4566 1843 4638 pn'mn
1855 4560 1951 4616 deonn-

1627 4667 1657 4717 81
1667 4669 1688 4717 Ι.

1278 4742 1449 4803 Videbantur
1460 4747 1526 4804 milti
1539 4749 1602 4805 duae
1613 4752 1783 4807 continentes
1795 4747 1911 4806 accedere.

1247 4823 1250 4837 '
1625 4857 1686 4906 ara.

1275 4935 1319 4988 Ira
1331 4934 1404 4989 enim
1422 4937 1494 4991 senis
1511 4946 1551 4992 est
1565 4939 1707 4995 ntsecnris
1722 4939 1822 4996 mollis:

1274 5012 1303 5068 in
1311 5030 1392 5069 manu
1408 5024 1486 5070 acuta
1502 5009 1554 5082 est,
1569 5033 1703 5074 moxvero
1716 5019 1877 5074 obtunditur.

1288 5169 1290 5174 ,
1623 5123 1684 5171 813.

1274 5203 1385 5272 Semper
1398 5204 1471 5256 enim
1487 5203 1555 5258 bene
1568 5204 1672 5262 cadunt
1684 5208 1757 5264 toris
1771 5207 1826 5262 tali

1621 5300 1681 5349 814.

1273 5373 1341 5425 Cum
1353 5370 1429 5441 equis
1444 5371 1487 5425 his
1501 5373 1593 5426 clectis
1919 5445 1930 5454 ..

1271 5448 1410 5504 rideamus
1426 5468 1490 5506 ιιιειιι
1506 5469 1609 5516 εοιιιιιε,
1624 5469 1657 5509 an
1670 5469 1730 5510 enm
1746 5452 1865 5508 onnnlms
1875 5458 1951 5516 copus.
