4567 6425
779 670 987 732 sornoctts
1007 672 1256 733 FRAGMENTA.

1747 682 1804 735 258

253 816 299 872 tur,
311 822 403 880 neque
417 799 555 859 credibile
577 802 613 859 sit
627 802 756 871 Peleum,
768 803 818 879 qui
837 803 901 880 ipse
913 802 991 859 bello
1044 817 1106 894 [γη]
1122 805 1199 881 Ᾰηλ’
1211 813 1236 879 εἰ
1252 816 1305 905 μὲν
1319 812 1354 885 ἦν
1368 814 1519 881 mimo
1534 816 1633 882 ἰᾶσθαι
1648 817 1725 883 κακὰ

252 906 274 946 οι
286 890 511 967 expeditionibus
521 890 706 966 inclaruerit,
721 890 812 947 lilium
829 890 991 960 retinuisse,

253 981 290 1033 itta
311 980 450 1035 sententia
471 977 519 1034 νίκ
534 976 644 1053 poterit
658 977 761 1035 teneri.
775 977 869 1034 Multo
884 977 994 1034 facilius

252 1068 382 1141 putareris
396 1064 588 1139 Lycomedem
601 1065 648 1121 νσΙ
662 1064 840 1123 Deidamiam
852 1064 993 1141 ejusmodi

252 1152 345 1227 aliquid
364 1165 497 1209 tentasse.
520 1155 557 1208 Et
576 1170 678 1209 versus
697 1151 747 1227 qui
761 1165 806 1209 est
827 1150 905 1227 apud
926 1154 994 1207 Sto·

252 1242 331 1297 baum
346 1242 419 1297 l'lor.
434 1244 490 1311 LI,
508 1250 544 1307 al,
560 1258 568 1297 z

252 1378 304 1463 [ts]
318 1368 469 1468 Φιλεῖγίιρ
482 1366 594 1467 ἄνδρας
610 1376 742 1466 πύλερος
753 1376 883 1467 άγρεύειν
899 1375 995 1455 νέους,

253 1514 299 1567 illis
311 1514 485 1571 eoumniret.
496 1512 648 1573 obstinate
660 1514 803 1572 renitente
815 1513 926 1571 Achille
940 1514 997 1588 hy-

253 1600 371 1657 comedes
382 1601 535 1659 oraculum
550 1614 707 1670 memorat,
718 1621 779 1677 quo
794 1602 836 1659 illi
848 1602 877 1658 in
890 1600 996 1658 bellum

253 1687 370 1762 prolecto
382 1687 478 1745 brevis
489 1689 548 1745 vita
562 1689 762 1765 portendatur.
773 1693 879 1745 Verum
893 1708 928 1745 ne
937 1688 997 1743 bac

252 1776 355 1850 quidem
366 1775 447 1831 audit
457 1798 466 1846 ς
478 1776 554 1833 nolle
563 1796 593 1832 se
607 1776 761 1855 respondet
774 1775 810 1833 ad
822 1787 997 1833 senectutem

253 1868 347 1919 tuere.
370 1862 404 1920 1‹l
430 1864 604 1940 exprimitur
634 1885 718 1921 versu
747 1864 824 1941 apud
850 1862 996 1923 Stobaeum

252 1956 345 2021 mvi,
359 1952 396 2007 ευ
409 1972 417 2008 ε

252 2096 303 2173 [ιν]
315 2084 412 2158 Οὐδὲν
430 2088 487 2185 γάρ
499 2086 592 2184 άλγος
604 2088 665 2157 οἷον
679 2099 698 2165 ἡ
711 2098 809 2167 πολλὴ
826 2088 890 2171 ζόη.

252 2216 304 2292 lio]
319 2206 416 2271 Πάντ·
435 2208 584 2296 ἐμπέφυκε
597 2216 643 2290 τῷ
659 2216 766 2298 μακρῷ
778 2210 857 2298 γήρᾳ
868 2203 958 2287 κακὰ,

252 2328 307 2394 νοῦς
323 2312 465 2411 φροῦδος,
482 2320 543 2412 ἔργ’
560 2319 677 2409 ἀχρεῖα,
693 2312 848 2411 φροντίδες
864 2320 957 2387 κεναί.

253 2458 382 2519 utentem
393 2460 475 2519 Alex.
492 2482 521 2539 p.
537 2462 586 2537 73,
598 2450 644 2519 εἶπ’
660 2461 773 2541 ἀχρεῖα.)
788 2466 999 2539 comparatque

253 2546 366 2605 Achilles
393 2561 500 2606 sortem
529 2568 609 2606 suam
631 2549 819 2607 'naviculariis
841 2550 892 2626 qui
917 2553 999 2627 parvi

254 2632 311 2691 lucri
333 2654 420 2693 causa
440 2655 497 2692 non
521 2633 655 2693 dubitent
682 2654 815 2713 magnum
830 2636 910 2693 adire
923 2640 999 2713 peri-

253 2720 346 2778 culum.
355 2723 436 2781 Stob.
450 2725 528 2795 th,
542 2725 580 2781 3:

253 2854 304 2931 [21]
318 2852 360 2917 Οἱ
369 2864 573 2921 ποντοναῦται
589 2866 650 2921 τῶν
660 2861 857 2949 ταλαιπώρων
869 2860 998 2949 βροτῶν,

316 2964 361 3043 οἷς
376 2970 448 3033 orire
464 2960 580 3060 deripuit
592 2972 662 3036 οὔτε
671 2997 718 3049 τις
734 2971 807 3037 θεῶν
823 2973 918 3062 νέμων

317 3083 452 3148 πλούτου
468 3087 537 3148 ποτ’
553 3078 588 3148 ἂν
600 3082 721 3175 νείρειεν
737 3080 822 3162 ἀξίαν
836 3084 935 3176 χάριν,

315 3200 444 3272 λεπταῖς
457 3194 505 3263 ἐπὶ
524 3203 660 3289 ροπαῖσιν
673 3196 808 3291 ἐμπολὰς
822 3197 937 3291 μακρὰς

318 3309 366 3374 tet
380 3311 642 3403 παραρρίπτοντες
661 3313 690 3379 οἱ
702 3313 884 3406 πολύφθοροι

317 3421 335 3494 ἦ
351 3427 460 3489 ’σωσαν
476 3415 692 3514 ἢκερδανανῆ
709 3417 866 3492 διώλεσαν.

254 3548 364 3626 Reliqua
382 3549 552 3610 obscuriora
565 3566 642 3611 sunt.
657 3556 814 3631 hesychio,
834 3553 898 3639 [22]
911 3581 923 3606 «
936 3555 1000 3614 rino·

256 3635 331 3705 ττὶτζς
341 3663 366 3709 ο,
378 3637 606 3717 &necepses-nube,
621 3643 651 3698 ὠ
665 3639 715 3712 τὴν
728 3641 809 3711 αὐτὴν
821 3643 910 3724 τρίύον
931 3643 1000 3701 στεί-

255 3719 298 3776 lan
307 3722 426 3781 τωτίστι
442 3727 558 3803 φοιτῶν,
573 3727 695 3786 sortasse
707 3729 834 3788 Achilles
845 3744 888 3788 est
905 3731 1001 3788 conti—

254 3827 304 3864 nno
335 3811 474 3870 renitens.
509 3814 590 3872 Idem
618 3815 736 3874 videtur
772 3818 891 3895 intelligi
922 3819 1000 3897 apud

255 3898 436 3972 hesychium,
449 3899 501 3958 ubi
513 3901 573 3958 haec
589 3916 677 3974 sunt,
691 3903 754 3981 [28]
775 3931 788 3954 ι
799 3902 975 3980 αύπύσουτον,
989 3934 1001 3958 ι

254 3983 461 4076 mandassem,
476 4001 505 4046 et
516 3987 579 4066 [2⁴]
591 4015 604 4041 ο
613 3989 784 4069 ἀχρήματον,
796 4017 809 4042 ν
817 3991 961 4070 ἀδάπανον,
972 4008 1001 4051 et

255 4071 437 4152 tuhdupowbc
449 4079 464 4134 θ
474 4075 550 4141 αὐτὸς
561 4078 720 4155 (Σοφοκλῆς)
729 4081 756 4138 ἐν
769 4079 893 4160 Σκυρίοις
904 4086 1001 4161 χρῆται

254 4159 358 4238 τῷῐ25]
371 4189 383 4214 ι
394 4163 554 4242 ιύοιριάζιιν.
567 4191 581 4217 ν
596 4170 662 4224 Non
680 4165 834 4224 obscurum
852 4183 894 4226 est
915 4191 999 4246 egreu

255 4247 321 4314 guuu
332 4251 525 4327 fragmentum
536 4255 612 4330 apud
631 4255 776 4313 Stobaeum
788 4261 921 4326 CXXIV,
945 4279 976 4328 ιη·
993 4281 1000 4314 :

255 4535 319 4590 Solet
329 4539 401 4594 enim
415 4541 488 4595 viros
502 4462 728 4622 bettonliiptare
741 4541 935 4598 adolescentes.

601 4642 644 4692 19.

257 4717 326 4772 Nulla
339 4721 412 4776 enim
426 4729 468 4776 est
482 4722 605 4778 molestia
618 4732 721 4794 quanta
734 4723 815 4778 nimis
827 4724 908 4791 longa
919 4724 982 4778 vita.

599 4824 645 4872 to.

255 4898 343 4954 Omnia
354 4902 528 4958 incommoda
542 4903 636 4958 insunt
648 4903 676 4958 in
690 4911 843 4968 senectute,

256 4990 415 5046 massana,
428 4995 510 5052 opera
525 4982 598 5037 irrita
609 5023 617 5048 ‚
632 4997 707 5038 curae
720 4983 825 5037 inanes.

600 5083 643 5130 21.

258 5160 412 5218 taut-ularii
423 5164 496 5219 iuter
509 5163 622 5219 miseros
635 5165 779 5230 mortales,
904 5169 1002 5236 {boens

255 5239 348 5305 quihus
362 5258 449 5313 οεηυτ
460 5241 571 5297 lormna
584 5258 673 5314 neque
684 5243 798 5298 deorum
811 5246 910 5316 aliquus
923 5247 1001 5301 attri-

256 5321 403 5382 dtutiarom
417 5343 541 5400 unquam
554 5327 653 5398 dignas
665 5329 765 5400 gratias
779 5330 948 5402 rependerit,

257 5402 350 5458 uictus
367 5405 438 5461 renti
451 5405 544 5462 flabris
558 5421 670 5479 magnas
684 5421 785 5462 merces

1123 929 1175 992 καὶ
1194 930 1245 993 τὸν
1264 928 1394 993 θανόντα
1411 920 1550 1020 δακρύοις
1568 931 1738 1010 ἀνιστάναι,

1125 1048 1140 1107 o‘
1158 1042 1268 1132 χρυσὸς
1279 1038 1372 1115 ἧσσον
1385 1052 1490 1132 κτῆμα
1507 1056 1562 1109 τοῦ
1579 1043 1691 1110 κλαίειν
1708 1040 1743 1109 ἂν
1757 1042 1803 1114 ἦν·

1123 1164 1174 1220 νῦν
1192 1145 1230 1235 δ’,
1247 1150 1271 1218 ὦ
1287 1156 1397 1245 γεραιὲ,
1407 1159 1497 1221 ταῦτ’
1514 1158 1668 1235 άνηνύτως
1681 1160 1753 1249 ἔχει,

1126 1270 1178 1332 τὸν
1192 1268 1222 1331 ἐν
1232 1266 1320 1359 τάφῳ
1331 1267 1497 1359 κρυφθέντα
1507 1272 1579 1361 πρὸς
1590 1270 1627 1336 τὸ
1638 1280 1699 1361 φῶς
1712 1268 1804 1361 οἴγειν

1126 1380 1216 1469 κάμοὶ
1229 1376 1286 1473 γάρ
1300 1374 1335 1445 ἂν
1348 1385 1449 1472 πατήρ
1464 1406 1498 1473 γε
1514 1374 1650 1475 δακρύων
1667 1384 1752 1475 χάριν

1127 1494 1233 1567 οἱνῆκτ’
1251 1489 1286 1557 ἂν
1305 1495 1344 1571 εἰς
1362 1505 1434 1585 φῶς.

1049 1626 1189 1684 Postremi
1211 1644 1310 1681 versus
1328 1622 1457 1702 produnt
1479 1626 1532 1683 ista
1555 1647 1572 1683 a
1592 1627 1730 1684 Diomede
1746 1648 1807 1685 csse

1050 1714 1262 1791 pronunciata,
1284 1713 1334 1789 qui
1361 1732 1456 1769 senem
1485 1713 1609 1789 aliquem
1635 1716 1806 1773 consolatur.

1051 1802 1168 1878 Optime
1183 1801 1386 1865 convenirent,
1407 1800 1431 1857 si
1453 1801 1500 1858 illa
1524 1800 1631 1858 diceret
1655 1802 1807 1859 Diomedes

1051 1887 1226 1963 Lycomedi,
1241 1907 1329 1965 quum
1349 1886 1554 1964 Neoptolemus
1577 1888 1693 1966 Trojam
1711 1910 1807 1947 arces-

1050 1989 1168 2033 seretur.
1187 1974 1274 2047 Quod
1298 1976 1321 2031 si
1342 1974 1413 2033 illud
1438 1989 1637 2052 argumentum
1661 1976 1727 2034 huic
1748 1990 1806 2033 tra-

1049 2063 1151 2141 goediae
1165 2084 1223 2119 non
1238 2063 1390 2133 convenit,
1409 2062 1585 2139 Lycomedes
1607 2064 1808 2141 intelligendus

1049 2164 1103 2222 est,
1116 2152 1162 2207 cui
1176 2152 1236 2207 haec
1249 2148 1393 2221 dieantur,
1406 2151 1456 2227 qui
1468 2170 1557 2227 quum
1569 2151 1604 2207 sit
1617 2170 1675 2207 non
1692 2152 1807 2227 ignarus

1048 2238 1190 2295 Achillem
1206 2236 1310 2295 ebello
1325 2256 1382 2293 uon
1397 2256 1459 2295 esse
1476 2236 1647 2313 rediturum,
1661 2238 1739 2295 bunc
1746 2238 1805 2315 juur

1049 2337 1082 2381 ut
1096 2336 1241 2382 mortuum
1254 2324 1433 2381 lamentatur.

1090 2412 1258 2487 suspicatur
1275 2410 1440 2469 Welckcrus
1455 2413 1530 2469 inter
1550 2432 1687 2490 personas
1705 2424 1808 2490 tragoe-

1049 2498 1104 2557 diae
1122 2500 1209 2556 luisse
1223 2503 1344 2581 Nyssam
1365 2498 1522 2557 Deidamia
1542 2502 1682 2558 nutricem
1700 2500 1804 2577 (Bion.

1048 2590 1111 2656 XV,
1123 2586 1170 2657 31,
1183 2598 1212 2643 et
1221 2590 1293 2645 Stat.
1307 2590 1331 2655 1,
1342 2586 1422 2661 670).
1436 2585 1522 2643 Addit
1532 2588 1616 2645 etiam
1628 2588 1686 2645 duo
1700 2588 1808 2644 ineerta

1050 2673 1208 2750 fragmenta
1223 2673 1305 2749 (Plut.
1322 2676 1393 2731 hlor.
1409 2693 1437 2750 p.
1453 2674 1502 2749 23,
1517 2673 1570 2749 c):

1050 2806 1114 2891 [ῃ]
1131 2807 1254 2886 Τυφλὸς
1265 2802 1372 2899 γὰρ,ὦ
1388 2811 1536 2897 γυναῖκες,
1550 2796 1614 2871 οὐδ’
1632 2811 1707 2897 ὀρῶν
1725 2776 1807 2894 δρης

1128 2920 1200 2997 συὸς
1216 2922 1369 3007 προσώπῳ
1387 2920 1489 2983 πάντα
1505 2913 1644 3009 πυρύάζει
1656 2914 1747 2985 κακά.

1051 3060 1087 3113 Et
1099 3055 1228 3113 Eustath.
1239 3074 1267 3131 p.
1282 3056 1348 3127 877,
1365 3055 1396 3111 51
1418 3075 1424 3110 :
1439 3056 1539 3124 Μῆλα·
1554 3054 1707 3134 Σοφοκλῆς,
1730 3054 1809 3133 φησὶν

1051 3141 1258 3222 θγραριριοπικθς
1271 3140 1474 3224 Ἀριστοφάνης,
1494 3140 1588 3208 δόξειεν
1601 3140 1632 3199 ἄν
1649 3162 1699 3198 που
1719 3140 1764 3199 καὶ
1775 3140 1809 3198 alr

1051 3231 1128 3312 θηρία
1139 3229 1227 3288 πάντα
1238 3229 1301 3307 [28]
1316 3256 1328 3280 ο
1342 3233 1415 3305 μῆλα
1428 3256 1440 3280 ν
1452 3231 1551 3288 καλεῖν.
1568 3231 1645 3288 idem
1664 3250 1692 3307 p.
1717 3231 1809 3300 1648,

1051 3319 1090 3376 60
1103 3341 1111 3375 ι
1126 3319 1263 3399 Σοφοκλῆς
1276 3321 1357 3392 γοῦν,
1379 3316 1461 3394 φασὶ,
1475 3315 1518 3374 τὸν
1540 3315 1663 3394 Ἀχιλλέα
1679 3319 1809 3398 τραφῆναι

1051 3403 1132 3464 εἰπὼν
1146 3407 1173 3464 ἐν
1187 3409 1224 3484 τῷ
1238 3403 1334 3484 Πηλίῳ
1347 3413 1399 3462 πᾶν
1414 3405 1497 3480 μῆλον
1507 3406 1637 3484 θηρῶντα,
1647 3403 1716 3472 δύξοι
1729 3403 1760 3462 ἂν
1775 3403 1808 3462 sd

1051 3493 1130 3574 θηρία
1138 3493 1226 3552 πάντα
1236 3493 1346 3570 ιμ’ἠλαν
1356 3492 1455 3550 καλεῖν.
1464 3496 1530 3550 Non
1542 3493 1609 3550 satis
1623 3492 1807 3571 perspicuum

1052 3593 1115 3658 est,
1126 3601 1185 3657 quo
1198 3580 1258 3638 haec
1270 3578 1420 3637 referenda
1435 3579 1499 3636 sint.

1375 3717 1483 3735 *-

1324 3796 1534 3858 lPiilGENlA.

1093 3915 1299 3988 Argumentum
1310 3909 1807 3990 satiscopioseexposuimusinlphi·

1052 3999 1134 4074 genia
1153 3999 1298 4075 AEschyli,
1320 4019 1405 4076 quem
1429 3999 1587 4076 Sophocles
1601 3999 1702 4076 procul
1719 3996 1810 4056 dubio

1052 4097 1167 4144 secutus
1194 4099 1245 4146 est.
1267 4091 1399 4144 Personae
1422 4087 1511 4161 igitur
1533 4087 1677 4162 primariae
1701 4085 1808 4142 eredens

1054 4174 1177 4246 luerint,
1199 4195 1259 4250 quae
1280 4173 1356 4250 apud
1377 4173 1567 4248 AEschylum:
1592 4180 1809 4248 Agauumuruu,

1053 4260 1185 4328 Achilles,
1201 4262 1307 4328 Ulixes,
1320 4262 1545 4336 clytemnestra,
1561 4259 1718 4338 iphigenia.
1732 4261 1808 4318 Cho·

1051 4457 1810 4529 exterumcopiaeommitteutessaepeooussictatidamnis

1051 4543 1100 4591 aut
1110 4545 1220 4591 servant
1235 4545 1283 4592 aut
1300 4537 1406 4592 lucrum
1424 4535 1529 4592 faciunt
1542 4545 1588 4594 aut
1601 4536 1728 4609 perdunt.

1051 4694 1081 4748 Si
1094 4693 1164 4748 mala
1177 4693 1268 4748 curari
1282 4691 1372 4748 tiendo
1386 4703 1497 4764 possent

1051 4781 1079 4827 et
1094 4780 1218 4826 mortuus
1232 4771 1267 4826 ab
1281 4770 1373 4827 interis
1387 4773 1506 4828 revocari
1523 4771 1656 4836 lauritius,

1051 4868 1149 4908 aurum
1165 4852 1255 4906 minus
1269 4850 1368 4907 valeret
1379 4867 1463 4921 quam
1478 4851 1612 4916 lacrimam

1051 4947 1125 4986 nunc
1137 4946 1217 4996 vero,
1232 4945 1248 4984 o
1261 4945 1357 4994 senex,
1373 4929 1438 4984 illud
1454 4928 1511 4984 lieri
1528 4945 1582 4984 uon
1597 4935 1700 4990 potest,

1051 5009 1141 5082 utqui
1154 5009 1280 5079 sepulcro
1292 5009 1327 5064 sit
1339 5007 1465 5063 conditus
1483 5008 1510 5062 in
1525 5007 1612 5062 lucem
1626 5007 1788 5072 reducatur3

1052 5097 1074 5151 si
1088 5105 1189 5166 posset,
1205 5095 1273 5149 mihi
1287 5110 1394 5166 quoque
1409 5103 1484 5166 pater
1496 5095 1667 5150 lacrimarum
1684 5093 1769 5164 pretio

1053 5175 1080 5228 in
1096 5175 1183 5230 lucem
1197 5173 1327 5229 reductus
1341 5171 1420 5228 e'sset.

1409 5257 1454 5306 27.
1725 5251 1809 5320 [Μοτο

1053 5332 1148 5388 cneus
1163 5332 1254 5398 enim,
1277 5330 1420 5398 mulieres,
1441 5344 1528 5402 neque
1546 5329 1695 5402 quidquam
1716 5327 1810 5386 videns

1055 5411 1112 5465 suis
1123 5425 1170 5466 ore
1184 5411 1254 5466 mala
1268 5407 1361 5466 omnia
1375 5407 1523 5480 perturbat.
