4567 6425
463 696 519 763 na

461 830 544 909 [115]
596 826 660 892 Καὶ
675 819 751 905 πεζὰ
765 827 817 892 καὶ
832 830 995 917 φορμικτά.
1042 864 1045 868 -

462 966 530 1023 vul.
544 967 641 1025 AEscb.
661 972 704 1025 lta
717 968 758 1025 ait
772 966 893 1043 intelligi
909 984 1005 1044 posse,
1021 986 1073 1022 cur
1087 971 1220 1022 Anteno-

463 1057 504 1114 ris
524 1055 628 1115 domus
647 1070 871 1115 commemorata
888 1058 933 1116 sit.
955 1057 1052 1117 schol.
1073 1052 1220 1131 Acistoplr.

464 1144 501 1201 tul
519 1151 574 1203 Ar.
590 1147 645 1220 931,
659 1164 666 1203 :
681 1143 795 1216 Σπολδς,
810 1143 918 1226 διφθίρα
939 1148 1069 1204 θποιαοῦν.
1086 1142 1222 1223 Σοφοκλῆς

446 1216 559 1289 χΑἴαντι
570 1234 674 1311 Λοκρῷ·

464 1370 546 1449 [tto]
783 1368 1002 1435 Καταοτίκτου
1018 1369 1103 1444 κυνὸς

568 1482 683 1559 σπολὰς
700 1473 1089 1572 Δίθοσαα,παρδαληφο’ρον
1106 1472 1204 1571 δέρος.

372 1593 376 1600 ·
465 1626 506 1685 'l'i
521 1625 549 1685 δδ
564 1626 720 1708 Σοφόκλειον
734 1628 778 1687 ίπί
791 1632 838 1687 τοῦ
850 1626 976 1708 δέρματος
989 1623 1090 1709 είρηται
1102 1629 1148 1683 τοῦ
1160 1647 1221 1704 κρι-

465 1711 583 1791 μαμίνοο
597 1714 661 1797 πρὸς
680 1719 713 1795 τῇ
731 1721 778 1775 τοῦ
800 1712 950 1797 Ἀντήνορος
969 1713 1046 1796 οίκίφ.
1063 1714 1136 1773 Poll.
1157 1717 1221 1781 Vll,

463 1811 539 1973 ἰφγρι
547 1809 685 1933 Δπολδς...
701 1813 837 1893 Σοφοκλῆς
858 1812 881 1869 δ’
905 1808 987 1883 edelr
1002 1808 1143 1885 ,Alteram
1167 1811 1223 1869 ὄνο-

503 1935 517 1964 ¹)

564 2009 670 2076 Σπολδς
682 2011 805 2071 Attum
814 2010 1017 2093 παρδαληφόρον
1034 2008 1114 2090 δέρος.

465 2130 593 2187 llustatb.
611 2150 640 2207 p.
664 2130 720 2196 405
734 2150 770 2187 cx
781 2130 876 2189 Strab.
898 2150 927 2209 p.
950 2133 1007 2189 608
1019 2155 1026 2190 ι
1038 2132 1120 2212 [147]
1135 2134 1223 2212 Σοφο-

465 2219 530 2286 κλῆς
548 2216 646 2294 ίσπορεῑ
665 2218 693 2273 ἐν
712 2215 811 2275 ἁλώσει
829 2217 907 2278 Ἰλίου
920 2219 1071 2299 παρδαλέην
1085 2224 1132 2291 τῆς
1146 2218 1223 2300 θθρας

464 2308 621 2383 προτεθῆναι
634 2308 681 2362 τοῦ
692 2302 850 2385 ’Δνο-[νορος.
869 2303 1001 2385 σθμόολον
1015 2314 1060 2366 τοῦ
1075 2309 1222 2388 ἀπόρθητον

466 2393 575 2463 ίαθῆναι
592 2387 640 2462 τὴν
654 2390 749 2450 οἰκίαν·
763 2392 810 2452 *τὸν
825 2394 852 2453 ll
866 2394 922 2473 ἅμα
938 2395 1014 2455 παισί
1026 2395 1093 2475 μετὰ
1106 2400 1160 2455 τῶν
1173 2420 1224 2455 πε-

467 2476 638 2557 ριγινομένων
669 2478 783 2539 ‘Etiam
815 2484 851 2549 είς
891 2480 1000 2564 Θρᾴκην
1032 2487 1223 2565 περισωθῆναι,

466 2566 583 2624 κάκεῖθεν
609 2566 755 2626 διεκπεσεῖν
782 2570 817 2636 είς
838 2568 887 2641 τὴν
913 2572 940 2629 ίν
963 2574 1000 2650 τῷ
1020 2570 1107 2653 ’Δδρίφ
1121 2570 1223 2631 ‘Evert-

466 2652 525 2724 κήν.
556 2654 680 2713 Videtur
708 2656 797 2734 igitur
822 2659 998 2736 expugnatio
1025 2658 1121 2735 Trojae
1153 2659 1223 2717 mul·

466 2742 504 2799 tis
515 2757 630 2801 narrata
647 2763 718 2802 esse.
732 2744 921 2805 Adversarius
940 2746 1022 2825 Ajaci
1042 2746 1150 2825 objecit
1173 2766 1221 2825 ap.

466 2831 613 2889 Stolneum
626 2832 723 2912 Eclog.
739 2832 823 2913 phys.
841 2835 977 2906 Ῑ,1,,νοί.
997 2840 1022 2911 I,
1036 2855 1064 2913 p.
1082 2836 1152 2893 130:
1168 2835 1223 2893 Σο-

467 2916 591 2997 φοκλίονς
605 2920 710 2997 (Δίαντι
726 2942 824 3001 margo
837 2924 985 3001 Canteri):

467 3070 548 3149 [118]
559 3070 596 3137 Εἰ
610 3063 681 3137 δείν’
691 3064 833 3161 ἔδρασας,
846 3063 929 3140 δεινὰ
942 3075 993 3140 καὶ
1005 3075 1107 3140 παθεῖν
1121 3100 1153 3141 σε
1166 3068 1222 3144 δεῖ.

564 3182 656 3263 Δίκας
674 3177 702 3252 δ’
718 3178 881 3280 ἑξελαρψεν
899 3190 979 3258 ὅσιον
992 3189 1078 3280 φοίος.

466 3337 545 3393 Alter
557 3354 658 3393 versus
680 3349 757 3394 certe
777 3356 835 3393 non
849 3351 892 3395 est
913 3338 1065 3414 Sophoclis
1076 3363 1084 3411 ;
1097 3342 1224 3417 priorem

468 3423 535 3481 citat
548 3424 633 3480 etiarn
647 3422 823 3500 Theophilus
834 3423 875 3480 Ad
891 3425 985 3481 Autol.
999 3427 1143 3506 11,5a,p.
1158 3432 1224 3490 οὔθ.

467 3511 573 3568 Similis
604 3511 744 3568 sententia
769 3509 930 3590 Σοφοκλέους
960 3510 1053 3572 Alcen
1088 3517 1226 3576 tribuitur

468 3599 543 3674 apud
562 3597 642 3657 Stob.
656 3597 713 3656 lici.
730 3597 811 3676 phys.
826 3603 850 3670 I,
866 3617 891 3669 1,
905 3619 936 3676 p.
954 3610 1027 3669 ran:

467 3753 478 3831 ξ
484 3753 548 3830 119]
707 3749 753 3817 Τδ
768 3751 890 3841 χρθσεον
908 3741 943 3817 δί
954 3755 1010 3829 τοῖς
1027 3753 1120 3833 Δίκας

545 3855 687 3956 δέδορκεν
705 3864 806 3956 ὅρμα,
821 3866 874 3932 τδν
890 3855 919 3930 δ
936 3858 1042 3934 ἄδικον
1056 3863 1240 3960 ἅμείθεταο·

468 4005 589 4058 Versum
614 4000 728 4058 noricis
752 4001 851 4057 lormis
882 3999 1036 4060 verborum
1060 4019 1226 4082 permotus,

469 4109 539 4166 quas
552 4089 704 4148 Athenaeus
717 4107 835 4166 quoque
848 4100 968 4147 testatur
980 4094 1055 4158 ΧΠ,
1068 4112 1097 4168 p.
1112 4093 1180 4171 546,
1194 4101 1225 4169 B,

468 4179 498 4236 τὸ
508 4176 617 4256 χρύσεον
627 4176 702 4254 ὄμμα
711 4175 742 4234 rl
753 4185 799 4242 τᾶς
811 4175 901 4246 Δίκας,
911 4177 1002 4235 choro
1013 4179 1224 4258 adscripserim.

467 4270 610 4324 lacertum
631 4278 684 4335 est,
705 4265 752 4322 cui
773 4265 811 4322 sit
830 4262 1019 4324 vindicandus
1037 4287 1136 4326 versus
1149 4273 1225 4349 apud

468 4351 612 4410 Stobaeuur
622 4355 760 4420 XCVIII,
781 4361 814 4420 tl,
826 4372 833 4407 z
846 4353 982 4432 Σοφοκλῆς
994 4353 1107 4413 Alcen·

467 4483 549 4561 [tao]
576 4459 739 4570 Δνθροιπός
755 4479 820 4546 ἔστι
836 4489 953 4572 πνεῦμα
968 4483 1019 4549 καὶ
1035 4481 1105 4550 σκιὰ
1121 4484 1223 4576 μόνον.

467 4626 569 4698 Neque
591 4620 684 4678 minus
708 4620 816 4678 incerta
835 4633 879 4680 est
897 4623 1062 4698 explanatio
1072 4624 1224 4702 fragmenti

467 4707 543 4786 apud
570 4709 690 4766 Antiutt.
718 4727 746 4785 p.
774 4729 823 4783 97,
855 4719 872 4778 1,
907 4730 914 4765 ι
949 4710 1031 4788 [151]
1056 4737 1069 4763 ι
1092 4709 1188 4780 Ἑλλὰς
1212 4741 1225 4768 u

467 4794 570 4876 δθνήρ.
592 4795 729 4875 Σοφοκλῆς
748 4795 843 4854 Aluum
857 4799 960 4878 Λοκρῷ.

506 4883 631 4942 Cbcrnm
650 4894 701 4940 aut
719 4884 966 4944 exsacerdotibus
978 4899 1028 4944 aut
1048 4909 1084 4945 ex
1107 4889 1224 4948 Achivis

817 5053 875 5104 146.

573 5153 607 5207 Et
619 5168 697 5225 prosa
710 5153 798 5209 oratio
810 5160 839 5209 et
849 5162 966 5210 ronuta.

813 5263 873 5314 tto.

833 5363 970 5436 variegati
983 5366 1062 5422 canis

571 5441 675 5496 esurire
689 5439 797 5512 tttyca
810 5441 933 5514 pardalea
946 5443 1026 5516 pellis

1011 680 1218 743 soenoctts
1243 678 1492 743 FRAGMENTA.

1275 810 1466 887 compositum
1488 810 1573 869 luisse
1599 812 1736 871 credibile
1759 826 1812 871 est.
1836 812 1903 889 Ajas
1922 818 2014 893 Incm.

1274 896 1398 973 quodam
1411 910 1494 974 pacto
1504 898 1602 957 similis
1616 899 1670 957 l'uit
1680 900 1824 959 Palamedi
1837 902 1977 977 tragoedie.
1988 908 2012 957 ln

1274 984 1322 1041 illa
1342 985 1505 1043 innocentia
1525 1006 1662 1064 oppressa
1675 1002 1734 1057 σοις
1749 989 1779 1045 in
1795 988 1883 1065 Ajace
1894 990 1963 1045 sonti
1973 990 2013 1045 im
2070 1002 2071 1051 t

1275 1071 1390 1147 punitas
1404 1071 1521 1129 tributa.
1536 1080 1575 1131 At
1586 1093 1690 1131 numen
1711 1076 1850 1133 Minervae
1870 1088 2014 1133 exsecutum
2070 1106 2071 1135 t

1275 1170 1331 1228 est,
1343 1159 1421 1235 quod
1437 1160 1560 1219 humana
1571 1162 1741 1239 negligentia
1752 1163 1882 1240 deliquit
1892 1162 1936 1221 Ob
1949 1164 2015 1219 unit·

1275 1247 1366 1305 scelus
1379 1266 1478 1305 omnes
1489 1261 1556 1305 suut
1567 1268 1664 1326 poenas
1677 1249 1789 1321 daturi,
1804 1262 1837 1307 ut
1849 1251 1879 1307 in
1891 1263 2015 1327 posterum

1276 1335 1401 1394 revereri
1415 1335 1484 1393 deus
1498 1334 1618 1393 discunt.

1581 1486 1756 1521 -mb’

1521 1604 1793 1667 ANTENOIIIDAE.

1316 1740 1500 1802 Antenoride
1515 1742 1545 1799 in
1566 1752 1736 1815 argumento
1756 1741 1852 1817 Ajacis
1871 1742 2015 1801 referuntur

1277 1834 1352 1891 inter
1364 1831 1492 1890 dratnata
1508 1830 1631 1909 Τρονῖκῆς
1644 1828 1836 1907 πραγματείας.
1848 1834 1920 1901 Quae
1934 1843 2015 1907 trago·-

1277 1921 1324 1979 diu
1335 1918 1520 1990 continuerit,
1530 1928 1596 1974 sunt
1605 1916 1655 1993 qui
1664 1936 1681 1973 a
1691 1915 1836 1975 Strabone
1847 1938 1876 1995 p.
1885 1919 2013 1993 Gobexpo

1277 2010 1331 2068 sita
1345 2018 1532 2086 putentque
1547 2002 1646 2061 callem
1658 2004 1825 2062 Eustathius
1839 2026 1869 2083 p.
1886 2006 1939 2073 tob
1950 2024 2013 2083 repe

1277 2098 1339 2166 tiit;
1351 2094 1401 2153 sed
1415 2113 1479 2170 quae
1491 2090 1582 2165 addit,
1596 2110 1666 2149 cave
1677 2092 1734 2150 huc
1749 2093 1867 2153 reseras.
1880 2094 2014 2169 Descripsi-

1277 2204 1341 2243 mus
1359 2184 1453 2240 locum
1483 2180 1513 2237 in
1543 2177 1631 2255 Ajace
1653 2184 1755 2239 Locro.
1780 2186 1818 2237 At
1846 2181 2013 2259 l'ragmenurn

1276 2271 1353 2351 apud
1376 2270 1557 2329 scholiastam
1586 2266 1623 2324 ad
1644 2274 1714 2325 Aves
1745 2268 1946 2347 Aristophanis
1970 2272 2013 2335 tn

1276 2360 1344 2419 satis
1362 2358 1446 2416 docet
1460 2355 1539 2433 Ajaci
1554 2360 1651 2413 Locro
1667 2356 1763 2413 omnia
1778 2376 1842 2414 esse
1862 2356 2011 2415 vindicanda

1276 2466 1371 2525 neque
1382 2443 1540 2523 quidquam
1561 2442 1629 2501 inde
1644 2446 1679 2499 ad
1696 2444 1937 2502 Antenoridarnm
1950 2464 2012 2519 aepr-
2071 2458 2072 2499 ;

1277 2546 1403 2593 mentum
1417 2530 1516 2591 referri
1531 2548 1623 2609 posse.
1636 2534 1709 2588 Sunt
1719 2532 1780 2607 qui,
1799 2531 1868 2588 duur
1887 2532 1965 2607 Troia
1976 2552 2015 2585 m-
2071 2520 2072 2595 l

1277 2634 1403 2701 peretur,
1417 2620 1446 2676 in
1461 2618 1615 2677 Antenoris
1627 2616 1714 2674 domo
1725 2618 1762 2675 de
1781 2618 1849 2695 luga
1863 2618 2015 2697 reliquisque

1276 2708 1377 2779 rebus,
1398 2726 1462 2785 quae
1486 2706 1515 2763 in
1539 2706 1752 2783 expugnatione
1772 2706 1853 2762 iactae
1872 2708 2014 2781 sinuetque

1275 2798 1361 2856 situm
1382 2814 1443 2853 esse
1461 2805 1594 2851 censeant
1609 2813 1625 2850 a
1642 2792 1823 2869 ducibusque
1843 2812 1906 2851 esse
1923 2793 2013 2849 conurl·

1278 2897 1366 2942 tatum
1382 2880 1453 2959 quid
1467 2879 1590 2957 amplius
1606 2878 1768 2938 iaciendum
1785 2880 1834 2938 sit.
1856 2886 1894 2937 At
1907 2900 1966 2938 sane
1977 2882 2012 2935 ia·

1278 2971 1367 3048 telligi
1394 2988 1452 3027 non
1476 2980 1582 3046 potest,
1604 2986 1663 3044 quo
1685 2967 1773 3025 modo
1798 2968 2013 3026 intercederet

1277 3057 1416 3117 tumultus
1431 3067 1460 3113 et
1479 3056 1632 3112 certamina
1648 3055 1704 3112 nlla
1720 3056 1834 3130 domus,
1853 3056 1955 3113 etiamsi
1973 3056 2013 3109 tle·

1278 3148 1354 3204 sensa
1369 3156 1441 3202 esset
1454 3141 1529 3221 pelle
1541 3142 1703 3220 pantherae,
1714 3143 1787 3199 atleo
1809 3142 1955 3221 tranquilla
1966 3164 2014 3197 ete·

1277 3235 1414 3311 potuerit,
1434 3243 1466 3289 ut
1486 3232 1526 3288 ibi
1549 3233 1637 3289 duces
1658 3233 1862 3301 convenirent,
1885 3235 2016 3290 sententias

1278 3333 1469 3398 rogarentur,
1494 3319 1622 3390 abirent,
1647 3318 1783 3377 redirent.
1804 3319 1905 3395 Neque
1926 3317 2013 3392 reliqua

1278 3409 1463 3466 conveniunt.
1480 3407 1556 3465 Nihil
1568 3408 1643 3465 enim
1658 3406 1694 3464 de
1710 3405 1798 3464 domo
1815 3407 1958 3464 Antenoris
1968 3425 2013 3460 mr»

1278 3495 1376 3552 ruoriae
1400 3493 1547 3572 proditum
1571 3505 1614 3550 est
1635 3492 1690 3550 nisi
1712 3494 1821 3551 salvam
1850 3494 1921 3552 illam
1945 3493 2015 3549 luisse

1277 3601 1414 3659 suspensa
1427 3581 1501 3660 pelle
1513 3579 1635 3658 parduli,
1653 3601 1718 3658 qnae
1739 3583 1848 3640 Graecis
1859 3582 1934 3659 signo
1946 3593 2015 3643 essct,

1278 3689 1314 3727 ne
1334 3669 1413 3728 illam
1433 3687 1550 3746 quoque
1574 3668 1690 3727 domurn
1711 3689 1777 3726 cunr
1807 3668 1922 3745 reliquis
1945 3685 2012 3724 eurr-

1279 3770 1380 3815 terent.

1318 3843 1381 3902 Filii
1415 3843 1570 3902 Antenoris
1604 3856 1803 3901 memorantur
1841 3843 1878 3901 ab
1907 3845 2015 3899 Homero
2072 3915 2073 3920 φ

1276 3939 1401 4008 Agenor,
1422 3938 1555 4003 Acamas,
1576 3932 1729 4002 Helicacn,
1747 3931 1906 4000 Leodocus,
1919 3927 2014 3985 Pedum
2072 3923 2073 3928 ’

1277 4021 1395 4092 nothus,
1408 4018 1583 4095 Iplridarnas,
1599 4024 1690 4084 Coun,
1711 4017 1847 4094 Polybus,
1863 4017 2012 4076 Demoleom

1278 4121 1335 4164 tres
1346 4125 1361 4163 a
1372 4105 1491 4181 Virgilio
1501 4105 1574 4184 (AEn.
1588 4111 1639 4176 vt,
1651 4105 1729 4182 48]),
1741 4107 1877 4172 Glaucus,
1888 4103 1981 4162 Idrdon
1992 4113 2013 4153 et

1277 4192 1491 4264 Thersilochus,
1515 4213 1637 4270 quorum
1659 4193 1738 4250 nulla
1762 4211 1808 4251 res
1825 4205 1898 4269 gesta
1916 4187 2012 4268 prada·

1279 4283 1338 4339 rior
1367 4293 1555 4352 memoratur,
1582 4301 1646 4358 quae
1664 4295 1865 4360 argumentum
1893 4276 2014 4354 tragedi-r

1277 4369 1413 4427 idoneum
1429 4370 1554 4447 satisque
1574 4389 1660 4445 grave
1672 4369 1811 4428 exhibere
1826 4367 1950 4448 potuerit.
1963 4367 2014 4440 lpse

1277 4463 1407 4516 Antenor
1422 4469 1527 4535 praeter
1540 4457 1703 4516 inimicitias
1722 4477 1788 4514 cum
1813 4459 1918 4516 Priamo
1931 4453 2012 4510 autier-

1278 4545 1403 4622 tiamque
1415 4565 1480 4602 cum
1495 4547 1603 4603 Graecis
1616 4544 1692 4604 nulla
1711 4545 1765 4603 alia
1783 4565 1813 4604 re
1829 4543 1956 4610 innotuit,
1969 4539 2011 4594 nisi

1277 4633 1356 4710 quod
1370 4633 1400 4692 in
1423 4633 1507 4690 litore
1530 4634 1617 4691 maris
1636 4632 1776 4692 Adriatici
1803 4633 1838 4691 ad
1855 4632 1951 4690 ostium
1970 4627 2012 4682 Ti-

1277 4719 1353 4776 mavi
1364 4719 1506 4776 coloniam
1516 4717 1644 4776 condidit
1652 4719 1731 4796 apud
1741 4723 1869 4776 Venetos.
1879 4721 1938 4788 Qua
1949 4713 1974 4769 in
1988 4727 2012 4764 rt

1277 4825 1365 4882 quum
1386 4807 1472 4865 etiem
1488 4807 1537 4864 lilii
1558 4807 1628 4866 socii
1642 4820 1838 4866 memorentur
1854 4826 1870 4864 a
1890 4801 2014 4878 tragicis.

1277 4913 1335 4950 non
1346 4893 1501 4952 dubitarim
1518 4893 1669 4972 quiaillud
1682 4907 1876 4971 argumentum
1889 4887 2016 4967 tragoedir

1347 5137 1386 5192 Te
1399 5136 1446 5208 qui
1458 5137 1595 5207 panaristi
1608 5063 1747 5204 diril'dim
1760 5138 1840 5192 etiam
1852 5135 1900 5206 pati
1908 5137 2013 5204 opottrt

1347 5215 1466 5272 Justitiae
1478 5209 1541 5272 ver'o
1554 5225 1688 5272 sacratum
1699 5214 1806 5271 effulsit
1813 5213 1896 5286 jubar.

1593 5299 1700 5428 adicis
1713 5381 1804 5427 autem
1813 5367 1917 5442 justitia·

1346 5447 1442 5506 oculus
1452 5447 1590 5522 adspexit3
1605 5449 1739 5522 injustum
1752 5465 1813 5508 vcro
1823 5453 1918 5506 tuest.
