4567 6425
690 646 920 708 ΙΚΕΤΙΔΕΣ.

738 768 868 812 ΔᾸΝᾸΟΣ.

475 843 531 906 Kal
546 842 628 915 Ζηνδς
638 840 707 922 ὄρνιν
719 839 793 898 τόνδε
805 846 849 898 νῦν
861 836 1026 909 κικλήσκετε.

745 943 857 989 ΧΟΡΟΣ

474 1022 615 1096 Καλοῦμεν
628 1016 710 1088 αθγθς
721 1015 796 1087 ἡλίου
809 1013 967 1090 σωτηρίους,

475 1106 553 1186 ἁγνόν
567 1106 590 1164 τ’
604 1105 724 1164 Ἀπόλλω
736 1101 829 1184 φυγάδ’
844 1102 889 1159 ἀπ’
904 1103 1013 1179 οὐρανοῦ
1028 1097 1093 1157 θεόν.

338 1216 344 1232 “
424 1217 465 1260 att
479 1193 564 1260 Εἰδὼς
576 1193 607 1252 ἀν
620 1182 697 1250 αἶσαν
711 1189 788 1261 τήνδε
804 1187 927 1267 συγγνοίη
944 1187 1054 1268 βροτοῖς.

739 1292 868 1338 ΔΑΜ-ΟΣ.

477 1373 621 1448 Συγγνοῖτο
634 1369 700 1439 δῆτα
712 1364 757 1424 καί
769 1361 921 1443 παρασταίη
936 1359 1070 1441 πρόρρων.

748 1468 860 1514 ΧΟΡΟΣ.

473 1545 531 1608 Τίν’
546 1534 590 1602 οάν
603 1540 738 1614 κικλήσκω
749 1541 831 1599 τῶνδε
837 1537 973 1616 ,δαιμόνων
985 1535 1037 1608 ἔτι,

741 1642 871 1687 ΔᾸΝᾸΟΣ

477 1719 550 1800 Ὁρῶ
564 1716 682 1796 τρίαιναν
694 1713 785 1786 τάνδε,
800 1713 908 1790 σημεῖον
923 1716 991 1770 θεοῦ.

747 1816 854 1860 ΧΟΡΟΣ

477 1893 546 1952 Ἀλλ’
561 1881 590 1949 ed
601 1889 623 1946 τ’
637 1888 754 1969 ἔπεμψεν
766 1878 794 1945 εθ
808 1910 836 1944 τε
848 1884 964 1953 δεξάσθω
975 1882 1060 1965 χθονί.

742 1991 869 2036 ΔᾸΝΑΟΣ

427 2092 467 2130 220
480 2069 583 2148 Ἑρμῆς
595 2066 633 2124 ὅδ’
646 2065 723 2130 σίλλος
734 2065 815 2122 τοῖσιν
828 2060 966 2132 Ἑλλήνων
980 2059 1077 2139 νόμοις.

750 2167 861 2211 ΧΟΡΟΣ

471 2234 632 2318 Ἔλευθίροις
645 2262 688 2296 νυν
702 2235 782 2296 tetii
796 2234 971 2314 κηρυκευέτω.

742 2340 872 2385 ΔΑΜΟΣ.

472 2422 586 2483 Πάντων
600 2420 622 2478 δ’
636 2419 755 2478 ἀνάκτων
768 2419 848 2476 τῶνδε
862 2417 1037 2495 κοινοθωμίαν

472 2509 582 2570 σε’ὅεσθ’.
596 2510 642 2568 Ἐν
656 2508 727 2588 ἁγνῷ
743 2506 765 2565 δ’
780 2507 858 2584 ἑσμὸς
870 2509 905 2573 ὡς
918 2507 1062 2565 πελειάδων

484 2598 581 2670 ίζεσθε,
595 2596 691 2678 κίρκων
705 2600 757 2654 τῶν
772 2595 924 2675 ὁμοπτέρων
939 2593 1027 2676 ρόόῳ,

433 2710 472 2749 aas
486 2690 584 2766 ἐχθρῶν
596 2683 718 2764 ὁμαίμων
731 2682 777 2742 καί
792 2683 945 2762 μιαινόντων
960 2682 1039 2761 γένος.

483 2764 604 2854 Ὄρνιθος
617 2771 684 2853 ὄρνις
699 2775 752 2837 πῶς
768 2767 800 2829 ἀν
815 2768 918 2848 ἁγνεύοι
933 2770 1037 2851 φαγών,

486 2866 542 2929 πῶς
556 2861 577 2919 δ’
593 2859 624 2918 θιν
638 2863 731 2939 γαμῶν
746 2857 861 2916 ἄκουσαν
875 2856 982 2924 ἄκοντος
996 2859 1070 2938 πάρα

487 2950 563 3030 ἀγνδς
576 2949 668 3028 γένοιτ’
684 2947 730 3019 dim
744 2946 802 3006 οὐδὲ
818 2945 855 3024 μὴ
869 2946 891 3004 ’ν
901 2943 985 3032 ᾍδου
999 2946 1083 3004 θανὼν

486 3038 555 3121 ριίγη
572 3036 683 3113 μάταιον
698 3034 795 3105 αἰτίας,
808 3032 909 3114 πράξας
922 3032 994 3093 τάδε.

436 3149 475 3188 aaa
492 3130 577 3187 Κάκεῖ
590 3125 687 3193 δικάζει
700 3120 923 3200 τάμπλακήμαθ,
938 3125 973 3187 ὡς
986 3119 1074 3197 λόγος,

490 3214 555 3281 Ζεθς
569 3213 647 3279 ἄλλος
660 3216 686 3270 ἐν
700 3217 829 3287 καμοῦσιν
844 3206 957 3275 ὑστάτας
972 3208 1052 3277 δίκας.

489 3306 630 3371 Σκοπεῖτε,
645 3296 803 3376 κάμείὸεσθε
816 3294 889 3354 τόνδε
903 3296 947 3353 τὸν
962 3295 1052 3369 τόπον,

489 3389 560 3455 ὅπως
573 3386 605 3446 ἀν
620 3390 682 3465 ὑμῖν
694 3392 793 3464 πρᾶγος
808 3374 837 3441 di
851 3393 913 3465 νικᾷ
926 3383 994 3442 τόδε.

736 3486 894 3531 ΒΑΣΙΛΕΥΣ.

492 3559 619 3621 Ποδαπδν
631 3558 722 3637 ὅμιλον
734 3555 802 3615 τόνδ’
816 3555 945 3627 ἀνέλληνα
961 3556 1060 3629 στολου,

439 3672 478 3709 aaa
492 3648 615 3708 πέπλοισι
632 3644 787 3727 βαρθάροισι
801 3644 845 3703 καὶ
859 3644 1019 3721 πυκνώμασι

491 3736 598 3817 γλίοντα
611 3738 830 3815 προσρυνοῖιμενς
844 3734 873 3791 οὔ
888 3731 938 3813 γδιρ
952 3732 1068 3813 Ἀργολὶς

493 3806 569 3895 ἐσθὴς
582 3826 710 3901 γυναικῶν
725 3821 778 3879 οὐδ’
792 3821 836 3902 ἀρ’
849 3819 978 3887 Ἑλλάδος
990 3820 1086 3882 τόπων.

491 3912 587 3979 Ὅπως
599 3910 627 3970 δὲ
641 3909 731 3992 χώραν
744 3906 803 3969 οὐδὲ
815 3908 936 3990 κηρύκων
951 3906 1017 3980 ὕπο,

497 3998 632 4081 ἀπρόξενοί
644 4022 686 4070 τε,
702 3996 792 4078 νόσριν
806 4000 923 4074 ἡγητῶν,
937 3999 1026 4075 μολεῖν

442 4114 482 4152 νιν
495 4089 581 4162 ἔτλητ’
596 4085 740 4168 ἀτρέστως,
752 4092 828 4145 τοῦτο
841 4085 992 4162 θαυμαστόν
1006 4086 1089 4148 πέλει.

497 4178 597 4239 Κλάδοι
610 4201 639 4255 γε
653 4174 701 4255 μὲν
715 4174 761 4248 δὴ,
775 4172 845 4233 κατά
857 4174 950 4252 νόμους
965 4175 1119 4256 ἀφικτόρων,

499 4275 597 4326 κεῖνται
610 4263 673 4343 παρ’
686 4264 747 4341 ὑμῖν
762 4262 826 4343 πρὸς
842 4264 907 4329 θεοῖς
920 4263 1051 4340 ἀγωνίοις·

497 4353 574 4431 μόνον
587 4351 640 4411 τόδ’
654 4350 750 4417 Ἑλλὰς
762 4349 833 4430 χθὼν
848 4349 992 4409 συνοίσεται
1006 4351 1103 4434 στόχῳ.

498 4440 554 4501 Καὶ
566 4440 651 4498 τᾶλλα
663 4438 740 4496 πολλ’
756 4437 893 4496 ἐπεικάσαι
908 4437 1006 4496 δίκαιον
1021 4431 1062 4511 ἦν,

444 4554 484 4591 ass
498 4536 520 4589 sl
534 4528 572 4608 μὴ
585 4525 695 4609 παρόντι
709 4525 819 4609 ρθόγγος
833 4518 864 4598 ἦν
878 4532 893 4585 δ
906 4532 1040 4605 σημανῶν.

772 4631 879 4677 ΧΟΡΟΣ

499 4705 617 4787 Εἴρηκας
629 4703 698 4785 ἀμρί
711 4701 809 4780 κόσμον
824 4702 923 4783 ἀψευδῆ
936 4700 1020 4779 λόγον.

494 4790 567 4871 Ἐγὼ
581 4790 608 4850 δὲ
622 4791 686 4872 πρός
698 4814 728 4848 σε
742 4789 851 4869 πότερον
865 4792 900 4855 ὡς
913 4787 974 4859 ἔτην
986 4788 1068 4867 λέγω,

497 4878 607 4961 ἢιηρδν
620 4883 677 4959 ἱροῦ
691 4876 796 4959 ῥάθδον,
810 4876 828 4948 ἢ
841 4876 941 4943 πολεως
955 4876 1034 4955 ἀγόν;

759 4982 915 5027 ΒΑΣΙΛΕΥΣ.

414 666 468 718 158

501 5055 574 5138 Πρθς
587 5054 661 5113 ταῦτ’
676 5052 787 5132 ἀμείὸου
802 5054 847 5112 καί
860 5053 914 5131 λέγ’
931 5056 1027 5133 εὐθαρσ
1040 5079 1058 5124 Ις
1072 5054 1139 5131 ἐμοί.

448 5166 489 5208 ιο
502 5147 558 5205 Ταῦ
571 5147 694 5221 γηγενοῦς
706 5143 757 5222 γάρ
772 5142 823 5218 εἰμ’
838 5139 890 5220 ἐγὼ
905 5140 1087 5220 Παλαίχθονος

500 5222 551 5298 ἶνις
564 5229 714 5307 Πελασγὸς,
728 5230 806 5300 τῆσδε
821 5234 869 5307 γῆς
881 5228 1037 5311 ἀρχηγέτης.

501 5319 589 5397 Ἐμοῦ
601 5317 624 5375 δ’
638 5314 748 5383 ἄνακτος
760 5318 872 5395 εὐλόγοις
885 5316 1019 5394 ἐπώνυμον

503 5405 576 5487 γόνος
591 5406 736 5482 Πελασγῶν
749 5404 826 5475 τήνδε
840 5410 987 5484 καρποῦται
1002 5404 1090 5484 χθόνα.

1214 755 1220 840 l

1502 645 1758 706 sanctiens,

1564 785 1694 828 lanatus

1239 853 1267 900 Et
1278 850 1347 899 loris
1359 849 1440 898 alitent
1454 850 1518 900 lrunc
1529 865 1593 900 rrrrnc
1605 853 1721 904 invocate.

1566 960 1694 1002 CHORU&

1238 1029 1380 1075 invocamus
1392 1027 1449 1076 solis
1460 1027 1539 1075 radios
1550 1028 1703 1088 salutiferos,

1238 1120 1395 1176 sarrctumque
1406 1115 1539 1178 Apollinem
1548 1116 1669 1178 quondam
1681 1119 1819 1167 esrrlautrm
1830 1134 1858 1166 νι
1869 1119 1927 1168 inuio
1935 1120 2003 1168 «iouia.

1238 1205 1291 1251 Non
1302 1203 1398 1263 ignarus
1410 1202 1481 1263 liujus
1493 1202 1594 1252 lortunae
1607 1205 1719 1254 mortales
1729 1209 1918 1256 mittanis-ruins.

1564 1301 1695 1344 nalitus

1238 1367 1426 1417 Commiseretur
1438 1382 1495 1418 saue
1506 1373 1531 1418 et
1542 1369 1674 1419 berrouolns
1686 1385 1756 1434 opens
1769 1373 1839 1420 tenu.

1566 1477 1696 1520 CHORU&

1238 1547 1316 1601 Quem
1329 1543 1399 1607 igitur
1411 1544 1497 1593 liorurn
1508 1545 1642 1594 colentum
1655 1553 1769 1608 praeterea
1780 1547 1907 1596 irnoccru?

1566 1653 1699 1694 DANAU&

1239 1718 1317 1769 Video
1328 1719 1454 1769 tridentem
1467 1721 1545 1781 lianc,
1559 1722 1653 1783 siguum
1665 1722 1712 1772 dei.

1567 1829 1698 1871 cunnus.

1240 1898 1271 1945 At
1281 1896 1343 1946 bene
1354 1907 1399 1944 nos
1411 1895 1459 1944 huc
1470 1895 1577 1946 traduxit
1587 1903 1612 1947 et
1624 1897 1739 1948 benevole
1751 1902 1812 1947 lena
1825 1899 1931 1962 recipiat.

1567 2006 1699 2046 Danaus.

1240 2078 1372 2128 Mercurius
1383 2078 1423 2128 laic
1433 2079 1496 2128 alius
1507 2084 1544 2128 est
1554 2093 1583 2128 ex
1597 2083 1736 2128 Graecorum
1746 2079 1874 2129 institutis.

1567 2187 1697 2228 CHORU&

1241 2254 1356 2303 Liberalis
1368 2254 1432 2304 maio
1443 2255 1534 2304 bonum
1545 2255 1660 2304 duracium
1673 2255 1795 2317 praedicet.

1569 2363 1697 2404 Danaus

1243 2437 1356 2486 Omnium
1368 2437 1454 2488 horum
1465 2438 1599 2489 colentium
1609 2452 1762 2488 communem
1773 2453 1838 2488 aram

1959 2440 2010 2504 [ιω

1243 2525 1402 2587 reueremini;
1415 2527 1439 2574 iu
1452 2530 1535 2575 sancto
1547 2541 1606 2576 roro
1617 2528 1670 2576 loco
1682 2532 1796 2590 unquam
1809 2528 1970 2578 columnarum
1982 2541 2013 2589 ag·

1242 2613 1382 2663 consedistis
1391 2619 1456 2663 metu
1465 2614 1605 2676 accipitrum
1617 2615 1705 2678 pariter
1715 2615 1852 2676 elatorum,
1908 2617 2009 2680 [nunant

1243 2703 1284 2764 qrri
1295 2715 1370 2764 quom
1380 2701 1428 2751 sint
1434 2703 1615 2763 consanguinei,
1624 2702 1706 2752 lrostes
1717 2706 1804 2752 iumen
1812 2708 1872 2752 sunit
1881 2709 1903 2754 et
1911 2718 1977 2765 genus
1988 2705 2013 2750 iu·

1244 2788 1370 2846 Quomodo
1382 2789 1446 2850 avis,
1459 2789 1556 2851 quondo
1567 2790 1650 2839 aresii
1660 2793 1742 2853 pasta,
1754 2797 1822 2839 casta
1832 2793 1879 2840 sit?

1244 2875 1364 2939 quomodo
1371 2889 1428 2926 vero
1435 2891 1509 2940 quum
1518 2877 1573 2940 quis
1583 2877 1681 2926 inritum
1691 2879 1722 2926 eli
1730 2877 1806 2928 inrito
1815 2893 1913 2928 uxorem
1921 2880 2013 2936 duruit,

1244 2959 1326 3004 castus
1338 2967 1390 3004 esse
1401 2957 1491 3018 possit?
1502 2959 1537 3005 lte
1549 2959 1659 3005 mortum
1670 2956 1767 3020 quidem
1777 2958 1843 3019 apud
1857 2958 1938 3010 interos

1245 3043 1340 3106 cuipam
1352 3043 1471 3092 temerarii
1484 3043 1613 3104 facinoris,
1626 3044 1647 3092 si
1659 3043 1684 3092 id
1694 3047 1854 3107 perpetrarit,
1867 3046 1973 3108 elingent.

1246 3131 1323 3180 Etiam
1334 3129 1382 3179 illic
1393 3129 1478 3180 delicte
1485 3129 1591 3192 judicet,
1603 3135 1631 3180 ut
1643 3132 1706 3180 lama
1717 3137 1769 3192 est,

1247 3219 1308 3267 alius
1318 3219 1413 3281 Jupiter
1425 3219 1485 3267 inter
1496 3218 1635 3279 defunctos,
1648 3224 1783 3283 postremas
1793 3233 1890 3269 causas.

1247 3306 1429 3369 Circumspicite
1442 3306 1514 3367 igitur
1525 3310 1549 3355 et
1558 3307 1663 3356 accedite
1675 3306 1705 3357 ad
1716 3308 1780 3357 hurrc
1791 3308 1889 3368 luerint,

1249 3399 1276 3442 ut
1286 3394 1355 3443 robis
1364 3394 1410 3443 lroc
1422 3396 1543 3455 negotium
1555 3393 1645 3443 bonrum
1659 3408 1797 3445 successum
1810 3396 1926 3447 obtineat.

1603 3504 1675 3545 REX.

1248 3569 1357 3630 Cujalem
1370 3569 1431 3618 lianc
1442 3576 1562 3620 cateruam
1575 3584 1622 3619 non
1635 3575 1744 3621 Graecam
1756 3572 1863 3633 vestitu,

1248 3654 1355 3705 barbaris
1365 3653 1475 3704 restibus
1487 3659 1511 3704 et
1524 3656 1664 3705 velamentis

1249 3744 1399 3797 attinentem.
1409 3743 1568 3805 alloquimur?
1578 3747 1629 3793 Nou
1642 3744 1705 3793 enirn
1718 3745 1844 3807 Argolicus

1252 3832 1356 3883 restitus
1365 3834 1402 3881 est
1412 3844 1490 3893 neque
1500 3844 1530 3881 ex
1543 3830 1590 3880 ulle
1603 3832 1697 3893 regione
1710 3833 1819 3882 Graeciae.

1251 3919 1320 3979 Quod
1331 3926 1411 3969 autem
1423 3932 1468 3969 ros
1480 3918 1503 3968 in
1516 3919 1577 3968 lianc
1586 3924 1673 3968 terram
1683 3920 1735 3969 sine
1747 3923 1899 3983 pneconibus

1251 4013 1276 4059 et
1286 4008 1336 4057 sine
1345 4007 1478 4070 hospitibus
1488 4008 1707 4069 patrocinantibus,
1718 4008 1770 4057 sine
1779 4009 1897 4072 ducibus,
1908 4011 1982 4060 renim

1252 4095 1376 4159 intrepidae
1388 4108 1454 4145 ausen
1466 4096 1538 4156 estis,
1551 4095 1742 4173 lioc'mirandum
1752 4100 1799 4146 est.

1253 4185 1320 4234 llami
1331 4183 1427 4246 quidem
1437 4185 1501 4233 certe
1513 4197 1542 4231 ex
1553 4184 1600 4232 ritu
1611 4184 1746 4247 supplicum

1253 4272 1315 4336 apud
1328 4286 1372 4321 uos
1381 4272 1405 4321 in
1417 4272 1464 4321 aris
1475 4270 1589 4332 deorum,
1601 4273 1642 4333 qni
1654 4274 1784 4321 certamine
1794 4278 1901 4335 tuentur,
1910 4275 1988 4337 jacent.
2070 4276 2071 4367 γ

1253 4364 1304 4411 Hoc
1313 4361 1404 4417 sulum,
1414 4364 1530 4421 quantum
1545 4360 1647 4421 ridetur,
1659 4364 1743 4409 Graeca
1754 4368 1817 4410 terra
1829 4376 1954 4412 commune
1964 4362 2022 4410 lule
2070 4396 2071 4421 ,

1254 4450 1285 4498 ut
1296 4446 1383 4510 reliqua
1393 4448 1469 4496 multa
1477 4446 1613 4509 conjectura
1624 4448 1718 4511 assequi
1730 4448 1824 4511 liceret,

1254 4537 1299 4586 nisi
1309 4536 1421 4600 presenti
1434 4541 1514 4585 restra
1525 4536 1599 4586 oratio
1608 4550 1636 4589 ea
1647 4537 1764 4599 explicare
1777 4542 1867 4600 posset.

1580 4644 1621 4684 CH
1704 4671 1710 4684 .

1256 4714 1291 4763 De
1300 4712 1389 4761 vestitu
1400 4714 1483 4761 nostro
1495 4711 1559 4761 huod
1571 4644 1712 4762 [ιιΙευοάόίθυ
1724 4713 1820 4773 disisti3

1979 4450 2022 4509 pic

2070 4578 2071 4615 i

1256 4813 1300 4862 ego
1308 4811 1366 4849 rcro
1377 4812 1435 4848 num
1446 4804 1526 4849 tecum
1539 4804 1567 4848 ut
1577 4813 1632 4849 cum
1643 4814 1692 4849 uno
1702 4814 1730 4849 ex
1742 4800 1829 4863 populo
1841 4800 1972 4863 οοΙΙοηυοτ,

1257 4900 1288 4936 an
1296 4900 1351 4937 cum
1361 4886 1490 4938 roditueote
1502 4886 1636 4951 sacerdote,
1647 4900 1677 4937 an
1689 4902 1744 4937 cum
1756 4888 1822 4937 urbis
1833 4888 1951 4951 preside?

1616 4996 1685 5037 REX.

1220 5111 1222 5117 ,
1258 5063 1294 5115 ad
1304 5063 1343 5113 ills
1355 5076 1414 5127 quur
1423 5062 1495 5120 dtur,
1507 5062 1623 5126 responde
1631 5066 1656 5113 et
1665 5062 1764 5113 fidenter
1774 5076 1803 5113 ee
1815 5060 1921 5123 explica

1259 5150 1380 5213 indigente
1387 5149 1450 5199 enim
1461 5148 1636 5199 Palanchtlronis
1645 5162 1689 5211 ego
1701 5162 1755 5198 sum

1260 5238 1335 5298 silius,
1344 5236 1473 5299 Pelasgus,
1485 5236 1558 5299 liujus
1570 5241 1640 5287 terrae
1651 5236 1761 5300 princeps
1775 5250 1781 5285 ι

1260 5332 1279 5377 Α
1289 5338 1327 5375 me
1336 5338 1390 5387 rege
1398 5324 1463 5386 iusta
1470 5324 1500 5374 de
1511 5338 1583 5374 eausa
1591 5325 1756 5387 cognominata

1260 5428 1317 5476 gens
1327 5414 1481 5476 Pelasgorum
1492 5414 1553 5463 hunc
1562 5418 1651 5463 terram
1664 5412 1776 5477 possidet.
