4567 6425
459 730 533 803 „aas

475 868 531 912 tur.
545 860 673 932 Magnam
692 854 748 910 vim
765 854 791 914 ia
805 854 856 909 hac
869 865 950 929 parte
964 850 1108 927 tragoediae
1119 870 1134 907 a
1147 862 1231 926 poeta

474 957 652 1018 expromtan·
668 961 728 999 esse
741 941 879 999 credibile
897 953 940 997 est
954 938 989 996 ad
1008 938 1232 997 commovendos

475 1030 587 1087 ardmos
600 1042 800 1107 spectatorum,
816 1030 883 1105 qaia
898 1027 1040 1085 lllcmaeou'
1053 1048 1140 1103 ιμιιιιιι
1156 1027 1184 1083 iu
1198 1046 1232 1081 eo

474 1131 561 1187 esset,
574 1130 606 1174 ut
618 1118 699 1175 malis
713 1116 893 1187 liberaretur,
905 1117 935 1173 ia
949 1136 1038 1173 novas
1054 1116 1172 1173 insidias
1189 1115 1232 1170 iu·

475 1206 553 1262 cidit.
575 1212 683 1263 Patrem
707 1204 826 1274 adeant,
852 1205 930 1281 apud
962 1225 1047 1282 quem
1075 1203 1231 1263 Alcaaenni

475 1294 646 1351 calumniam
659 1294 776 1350 iaciunt,
793 1298 916 1352 Narrant
930 1294 1007 1370 quod
1025 1314 1059 1350 ex
1078 1311 1162 1349 servo
1177 1312 1230 1345 rn-

475 1381 538 1437 lunt
552 1382 690 1439 audiisse:
1173 1390 1174 1395 ’

563 1506 633 1559 Saos
644 1502 763 1559 deseruit
776 1504 874 1574 liberos
889 1506 1059 1576 superstites,

475 1639 506 1683 ut
523 1628 605 1684 aliam
622 1648 742 1686 uxorem
761 1630 790 1685 ia
807 1630 1020 1686 matrimonium
1033 1627 1165 1696 (luceret,
1179 1628 1231 1685 de-

475 1714 541 1773 inde
552 1717 638 1773 etiam
653 1716 774 1784 addunt,
786 1739 844 1794 qun
859 1718 944 1773 rumlo
958 1718 1045 1773 multa
1059 1716 1231 1793 promiserit,

475 1804 579 1881 quibus
596 1818 696 1882 postea
713 1827 770 1863 rrnn
788 1807 916 1863 steterit:

509 1938 597 1991 Tanta
608 1946 640 1992 ut
650 1936 809 1993 frustrando
821 1938 922 1992 lactans
934 1952 1036 1991 vanans
1048 1930 1190 2006 protrahit.

474 2062 704 2139 Indignationem
722 2064 812 2137 patris
824 2065 948 2120 excitare
962 2062 1093 2119 student:
1138 2122 1142 2129 ¹

615 2186 668 2256 Qui
682 2184 763 2239 ducat
775 2201 843 2251 esse,
857 2192 883 2239 te
896 2201 980 2256 quiam
990 2200 1115 2240 socerum
1126 2187 1231 2254 viderit,

540 2266 688 2334 'generibus
702 2273 804 2318 tantam
819 2280 877 2318 esse
891 2264 1075 2334 impietatem?

473 2380 620 2455 generibus
640 2400 693 2455 pro
707 2400 823 2455 genero,
835 2382 852 2437 i.
866 2402 890 2437 e.
903 2382 1069 2439 Alerrraeoni.
1088 2384 1177 2439 Patris
1191 2384 1231 2441 ira

472 2470 597 2525 excitata
610 2489 669 2544 quo
684 2469 759 2525 bane
774 2471 862 2545 caragis
877 2470 1077 2540 exstimulent,
1101 2490 1233 2531 recusant

474 2558 593 2632 exsequi
613 2556 691 2633 quod
708 2571 789 2633 pater
802 2558 839 2614 ab
858 2558 912 2614 illis
933 2560 1130 2635 postulaverit.
1148 2568 1231 2634 Quo-

474 2645 549 2701 circa
564 2644 719 2721 Phegeusa
734 2646 798 2702 liliis
809 2666 868 2703 noa
881 2648 974 2702 urinas
990 2667 1076 2721 qaam
1096 2670 1112 2704 a
1132 2670 1232 2707 succro

476 2754 505 2790 sc
517 2745 599 2810 putat
611 2733 734 2790 derideri
747 2755 754 2789 :

1075 2843 1146 2911 Quia

545 2932 594 2971 nec
609 2934 657 2971 vos
672 2933 723 2971 nec
737 2918 781 2972 ille
791 2918 901 2988 impune
913 2918 1037 2973 irrideret
1054 2936 1140 2976 aream

547 2995 779 3065 granceianam.

475 3119 623 3171 Postremo
636 3114 711 3170 lilius
726 3113 909 3170 obeditraum
929 3135 958 3169 se
978 3116 1132 3191 pollicetar
1147 3122 1231 3194 patri,

475 3202 524 3277 qui
535 3200 561 3257 ei
576 3201 718 3277 praecipit,
731 3201 878 3276 ‹prrnrnndo
897 3203 1089 3263 Alcmaeonem
1106 3208 1231 3268 ciream-

476 3303 572 3344 reluat
585 3311 591 3344 :

546 3420 599 3476 Sed
612 3420 658 3474 tibi
671 3420 770 3473 cautim
784 3429 826 3473 est
839 3418 995 3475 adeundum
1009 3421 1043 3475 ad
1055 3425 1152 3478 rimm.

985 3498 1001 3524 l

476 3555 632 3606 lateremto
648 3543 751 3601 driade
768 3544 931 3600 alcnraeone
947 3546 1129 3622 Alphesiboea
1148 3553 1232 3610 mise-

465 3642 531 3696 'rias
546 3658 611 3694 suas
623 3637 811 3692 lamentatur:

475 3767 610 3824 Odiosum
637 3765 847 3835 bostilicumque
871 3762 942 3818 diem
970 3764 1005 3819 ob
1030 3768 1099 3835 riui,
1123 3771 1230 3826 turham

752 3844 871 3915 adspecti
887 3844 1056 3900 horribilem.

473 3980 547 4032 Cum
562 3973 650 4030 lratre
662 3971 848 4047 expostulans
864 3970 941 4027 hunc
953 3972 993 4028 ait
1013 3973 1094 4029 factis
1112 3976 1231 4036 similem

476 4062 632 4120 hlctuaeoui
646 4082 653 4115 z

475 4195 630 4252 accersor,
641 4199 725 4256 qaum
738 4193 766 4238 te
778 4201 837 4240 esse
851 4187 1015 4322 Alcmaeppis
1027 4187 1138 4246 fratrem
1154 4193 1233 4249 lactis

938 4267 955 4321 d
993 4267 1055 4323 icas.

475 4391 602 4448 l‘uniunt
620 4372 830 4464 Alphesiboeaiu
850 4389 888 4446 oh
905 4391 981 4448 bunc
998 4394 1123 4456 animum
1142 4397 1233 4456 hosti.

478 4481 532 4534 lem
545 4479 573 4535 in
587 4497 654 4532 sum
667 4496 851 4554 arnorernque
866 4481 958 4535 rrrariti
971 4500 1107 4558 saxoque,
1121 4506 1157 4541 ne
1168 4489 1233 4544 vin-

477 4568 584 4623 dictam
600 4577 693 4620 sumat
707 4564 743 4620 de
761 4565 847 4621 lintre
863 4565 901 4620 ub
922 4570 1100 4626 commissam
1118 4575 1233 4641 cardena,

476 4654 644 4722 includunt,
662 4651 690 4708 iu
711 4653 787 4728 quod
807 4653 949 4711 indicatur
974 4675 1056 4714 versa
1082 4663 1163 4731 attii,
1184 4665 1232 4739 qai

478 4743 558 4801 sario
572 4739 659 4798 modo
672 4742 795 4817 scriptus
807 4753 899 4798 exstat
911 4743 939 4798 iu
952 4745 1076 4820 antiquis
1095 4747 1232 4808 editioni-

477 4832 531 4889 bus
545 4830 649 4888 Nonii:

549 4958 748 5028 Angustitatern
762 4956 891 5012 inclusam
906 4960 977 5013 saxis
990 4962 1151 5032 squalidam.

478 5101 526 5157 alii
549 5099 647 5176 legunt
667 5122 674 5154 ι
693 5101 864 5176 arigustitatc
886 5101 993 5158 inclusa
1015 5104 1074 5159 saxi
1098 5107 1235 5180 squalida.
1258 5157 1259 5162 ,

478 5193 639 5263 Utramque
650 5188 730 5246 facile
741 5191 906 5245 crareiuuari
918 5202 1022 5267 potest.
1039 5196 1181 5251 lacertum
1194 5210 1236 5252 est
1259 5263 1260 5266 Ἴ

477 5277 666 5354 fragmentum
689 5279 767 5355 aprrd
789 5281 975 5356 hesychium,
989 5281 1071 5360 [306]
1083 5311 1095 5334 n
1110 5285 1210 5365 alpaide,
1225 5314 1237 5338 a
1259 5287 1260 5290 ’

477 5363 616 5444 βλαὸερᾶς.
632 5367 664 5425 Σ.
681 5366 772 5442 Ἀλκμ.

520 5453 625 5512 Fabula
647 5455 761 5512 direrso
776 5457 861 5513 modo
876 5460 1006 5535 exposita
1025 5475 1067 5518 cst
1087 5485 1101 5520 a
1124 5467 1236 5540 tragicis

1021 718 1228 779 soefloctas
1249 716 1499 780 FRAGMENTA.

1284 850 1430 927 epicisque
1442 852 1543 927 poetis,
1556 853 1585 910 id
1597 855 1672 931 ‹prrnd
1685 857 1844 929 scholiasta,
1857 862 1930 941 cajus
1944 868 2008 925 ruba

1285 956 1371 1014 supaa
1390 940 1610 1017 descripsimus,
1630 945 1745 1021 indicat.
1770 954 1858 1025 Negat
1877 956 1943 1011 enim
1962 960 2007 1013 llu-

1286 1046 1364 1084 mero
1384 1028 1508 1084 furorem
1526 1031 1696 1090 Alcmaeunis
1714 1038 1951 1118 matricidinmque
1969 1064 2003 1097 no·

1286 1124 1345 1170 tum
1361 1114 1452 1172 luisse.
1468 1120 1553 1191 Apud
1573 1119 1679 1177 inferus
1691 1122 1728 1179 ab
1743 1144 1777 1179 eo
1794 1124 1866 1183 inter
1884 1128 1941 1184 illus
1957 1132 2008 1185 reb·

1287 1212 1330 1255 tus
1346 1213 1397 1274 est,
1413 1203 1462 1278 qui
1475 1202 1513 1259 ob
1532 1206 1666 1281 pietatem
1680 1228 1792 1267 summa
1806 1212 1885 1271 laude
1897 1216 2009 1271 lmantur.

1611 1394 1716 1411 και-

1595 1541 1738 1627 nictus

1325 1725 1337 1749 a
1358 1701 1480 1777 lplricles
1501 1704 1720 1782 Amphitryonis
1747 1721 1776 1765 et
1805 1709 1937 1767 Alcmene
1955 1714 2009 1769 lilius

1285 1787 1386 1844 eodem
1402 1802 1498 1866 parta,
1509 1813 1567 1869 qao
1579 1795 1724 1859 Hercules,
1738 1798 1843 1853 editus.
1858 1798 1899 1855 Ad
1913 1800 1959 1856 boc
1970 1823 2009 1857 na-

1287 1892 1349 1931 men
1364 1876 1493 1935 dirersos
1507 1880 1665 1937 labularmn
1688 1884 1786 1940 titulos
1801 1886 1904 1957 resero,
1915 1908 1973 1962 quos
1988 1890 2009 1945 ia

1286 1960 1367 2019 libris
1379 1982 1531 2043 corruptos
1551 1988 1612 2023 esse
1631 1971 1745 2045 opinor.
1759 1976 1832 2029 Nam
1855 1994 1914 2049 quae
1929 1977 2009 2031 citatur

1285 2070 1301 2106 a
1319 2050 1470 2111 scholiasta
1489 2068 1589 2112 nostro
1612 2056 1646 2113 ad
1667 2059 1744 2116 Olid.
1760 2059 1822 2117 Col.
1846 2082 1896 2134 79¹
1912 2060 2008 2140 ’lphlsu

1286 2137 1362 2195 nulla
1382 2140 1450 2209 luit,
1468 2161 1521 2197 nee
1542 2164 1632 2219 quaea
1647 2146 1766 2203 Polluce
1788 2148 1914 2205 laudatur
1926 2148 2007 2217 'laniis

1286 2227 1444 2302 Sophocles
1468 2231 1511 2286 bis
1533 2232 1562 2287 in
1584 2232 1654 2288 locis
1671 2234 1753 2291 citari
1776 2234 1874 2292 debuit
1890 2239 1914 2293 ἐν
1927 2236 2008 2313 ’leuia

1286 2314 1329 2369 rel
1352 2314 1427 2372 sorte
1449 2319 1474 2372 ἰν
1504 2318 1605 2375 Οἰκλεῑ.
1633 2321 1699 2377 Fuit
1723 2335 1818 2379 alitem
1843 2323 1931 2384 Oicles
1950 2340 2008 2399 paui

1286 2403 1449 2478 Amphiarai
1471 2406 1507 2463 ad
1522 2426 1608 2482 quem
1626 2409 1754 2485 confugit
1769 2430 1857 2486 nepos
1870 2414 2008 2469 blera-aona

1285 2490 1377 2546 Furiis
1414 2506 1544 2551 uratemae
1577 2495 1660 2552 cedis
1700 2498 1851 2557 ultricibus
1884 2514 2008 2576 agitatus·

1284 2580 1405 2633 Brundi.
1429 2583 1593 2639 tretckerns
1614 2584 1752 2660 Iphiclem
1773 2606 1874 2643 nomen
1900 2588 2008 2663 tragialir

1285 2664 1369 2721 luisse
1382 2670 1502 2739 censuit,
1516 2672 1683 2747 corrigenda
1698 2694 1734 2729 ex
1751 2673 1807 2731 boc
1826 2676 2007 2733 nominentur

1285 2756 1534 2827 granimaticurum
1546 2774 1634 2831 ratae,
1649 2780 1742 2836 neque
1755 2762 1869 2819 dillicile
1880 2783 1934 2819 esu·
1944 2776 1973 2817 aa
1982 2783 2007 2817 ex

1285 2840 1329 2909 iis,
1345 2861 1408 2917 quae
1421 2844 1457 2900 ab
1474 2850 1598 2903 Hnarero
1617 2848 1672 2906 Od.
1692 2853 1727 2921 Λ,
1743 2852 1893 2921 286—296
1912 2852 2007 2905 celrran-

1286 2931 1346 2989 tur‚
1369 2923 1532 2997 tragediam
1558 2928 1710 3003 componi,
1742 2931 1892 3007 prasertim
1916 2931 1935 2983 si
1964 2950 2008 3003 spu

1285 3006 1437 3064 scholiasta
1465 3029 1501 3066 ex
1524 3011 1686 3087 Pherecydi:
1713 3016 1816 3073 reserat
1839 3018 2006 3076 conserantur.

1285 3093 1371 3170 idque
1381 3097 1440 3152 lieri
1452 3097 1630 3173 probabilius
1639 3101 1792 3161 scholiasta
1802 3104 1932 3181 Apollnna
1944 3110 1961 3161 l.
1973 3106 1995 3165 if.

1284 3188 1372 3240 τοῦτον
1396 3184 1449 3262 (τὸν
1464 3184 1592 3267 Ἴφικλον)
1609 3188 1729 3255 Ἠσίοδος
1749 3192 1792 3248 ἐπὶ
1813 3192 1915 3270 πυρίνων
1933 3194 2006 3268 dan-1»

1284 3268 1385 3349 τρέχειν
1399 3273 1477 3349 μησὶ,
1498 3276 1655 3357 Δημάρατος
1673 3281 1700 3335 δὲ
1715 3281 1759 3338 ἐπί
1778 3281 1908 3350 delineat.
1925 3287 2006 3337 Daru-

1286 3371 1376 3414 ratum
1390 3373 1484 3418 autem
1503 3363 1588 3422 docet
1599 3367 1819 3442 Tragodrunena
1835 3369 2006 3446 salpae-‚n

1285 3445 1389 3519 ‹pribus
1414 3449 1441 3504 iu
1464 3451 1570 3508 scholia
1601 3455 1745 3530 Apollonii
1776 3477 1820 3513 res
1842 3455 1959 3532 ‹prasdua
1982 3475 2007 3508 es

1286 3534 1400 3592 Colchis
1413 3539 1515 3612 petitas·
1529 3543 1660 3599 transisse
1674 3543 1772 3600 rideri.
1787 3549 1851 3602 llaec
1864 3546 1895 3601 ita
1909 3549 1931 3596 ll
1940 3545 1995 3597 eli-le

1286 3643 1347 3696 rus;
1365 3640 1393 3683 at
1411 3629 1501 3685 multo
1513 3631 1678 3702 credibilius
1687 3646 1730 3690 est
1748 3633 2006 3712 exgrammaticnmn

1285 3712 1375 3771 citatis
1390 3716 1499 3773 Oiclem
1511 3719 1716 3776 restituendum
1726 3741 1788 3778 esse
1799 3723 1916 3798 hancque
1927 3735 2005 3794 naga·

1286 3799 1360 3856 diam
1375 3803 1524 3879 Sophoclis
1546 3805 1641 3864 luisse.

1325 3894 1368 3946 Dc
1385 3891 1465 3948 (liele
1490 3892 1547 3949 bec
1570 3893 1669 3951 scribit
1691 3895 1881 3972 Apollodorus
1901 3901 1920 3960 l,
1942 3897 1992 3955 aa

1287 3974 1443 4056 Ἀμφιάραος
1462 3977 1597 4046 Οἰκλέους.
1619 3985 1655 4038 Et
1666 3987 1718 4050 lll,
1731 4003 1757 4054 7,
1771 3985 1787 4041 5
1801 4005 1808 4039 :
1824 3982 1951 4058 Ἀλκμαίων

1284 4064 1428 4142 χρήσαντος
1452 4063 1611 4133 Ἀπόλλωνος
1628 4070 1698 4147 αὐτῷ
1712 4067 1758 4139 τὴν
1774 4069 1871 4148 μητέρα
1888 4067 2005 4126 ἀπέκτεινε*

1291 4193 1298 4206 .
1311 4196 1317 4207 .
1330 4193 1356 4206 ..
1382 4150 1546 4228 Ἀλκμαίωνα
1561 4153 1587 4210 δὲ
1605 4157 1730 4230 μετῆλθεν
1747 4156 1847 4236 Ἐρινὺς
1858 4162 1898 4214 τοῦ
1910 4153 2006 4230 attari*

1285 4237 1371 4317 peiren,
1389 4239 1432 4296 κοί
1455 4241 1576 4315 μεμηνὼς
1594 4246 1697 4321 πρῶτον
1714 4242 1762 4320 μὲν
1777 4247 1812 4311 εἰς
1827 4243 1945 4324 Ἀριοδίιν
1959 4241 2006 4312 apl:

1286 4324 1385 4382 Οἰκλέα
1399 4327 1583 4406 παραγίνεται,
1607 4331 1701 4388 ἐκεῖθεν
1716 4333 1772 4388 κτλ.
1788 4337 1883 4409 ltaque
1897 4327 2003 4386 credidr·

1287 4413 1340 4468 rim
1356 4413 1478 4472 describi
1495 4416 1649 4474 adveutum
1665 4418 1860 4478 Alcmaeonlsa
1875 4418 1951 4476 Furiis
1962 4413 2005 4486 agi·

1288 4503 1337 4558 tati
1360 4503 1435 4577 apud
1456 4505 1583 4577 Oiclern,
1598 4519 1630 4564 ut
1651 4529 1666 4565 a
1687 4519 1814 4564 materna
1835 4507 1904 4564 cede
1920 4504 1950 4560 ab
1966 4521 2006 4554 sara

1287 4590 1461 4664 expiaretur,
1479 4592 1530 4649 sed
1545 4591 1582 4648 ab
1596 4593 1651 4650 boc
1664 4589 1819 4672 repudiari,
1833 4597 1877 4672 qni
1891 4591 2006 4650 eraaduu

1287 4675 1359 4732 adiri
1368 4675 1460 4752 jubet,
1477 4692 1507 4736 ut
1522 4701 1557 4736 cx
1573 4701 1607 4738 en
1620 4683 1765 4740 Alcmaeon
1779 4685 2007 4750 suscitatumque

1288 4765 1328 4820 las
1340 4767 1375 4819 sit
1391 4765 1468 4822 illurn
1481 4767 1556 4824 crede
1568 4771 1693 4845 purgari.
1705 4771 1833 4848 Supplex
1847 4771 1923 4846 igitur
1933 4763 2005 4838 apici-

1289 4866 1345 4922 tur,
1360 4856 1426 4929 qiua
1438 4869 1526 4931 tpuua
1538 4872 1611 4913 esset
1624 4859 1720 4916 Oiclcs
1734 4879 1837 4935 genere
1852 4852 2006 4937 propinquiut

1289 4941 1448 5010 Alcmaenni,
1464 4943 1539 5000 hanc
1551 4945 1667 5020 expiare
1678 4967 1734 5003 nna
1747 4949 1850 5024 potuit
1869 4941 1935 5014 Quid
1950 4959 2006 5016 μισ·

1290 5041 1365 5084 terea
1380 5029 1414 5085 ad
1435 5032 1570 5106 tragicam
1584 5032 1751 5110 dignitatem
1775 5033 1919 5111 aagendam
1939 5049 2007 5084 ara*

1289 5117 1366 5182 serit,
1389 5137 1405 5174 a
1427 5117 1511 5176 nobis
1528 5140 1646 5196 prorsus
1660 5123 1819 5200 ignoratur.
1840 5127 2005 5198 trgtrmeaaan

1289 5215 1383 5260 autem
1398 5205 1539 5281 tragoedia‘
1559 5209 1672 5280 suflicit,
1693 5209 1721 5268 id
1740 5211 1819 5288 quod
1840 5205 2005 5284 oedipum

1289 5291 1387 5348 laneus
1402 5291 1494 5351 docet.

1329 5383 1496 5455 Fragmenta
1523 5383 1603 5440 laeile
1621 5386 1758 5462 explicari
1790 5395 1909 5461 possunt
1928 5377 2005 5436 rotae.

1288 5471 1326 5534 X·
1344 5467 1381 5542 ³9
1394 5490 1400 5523 ²
1415 5468 1467 5528 Καὶ
1480 5468 1545 5541 alla
1559 5470 1585 5528 a
1600 5474 1662 5552 mr
1680 5473 1806 5534 samaa
1821 5475 1886 5532 ress
1898 5467 2001 5536 rems·
