4567 6425
477 660 534 712 256
1019 655 1228 715 sot‘tloths
1250 654 1498 720 FRAGMENTA.

476 781 549 862 παρὰ
566 784 694 863 Σοφοκλεῖ
715 787 835 855 εἰσῆκται
853 780 936 860 λύγων
953 781 1093 851 Ὀδυσσεύς
1113 786 1151 863 τῷ
1173 786 1235 843 Διο-
1286 775 1356 842 abror
1368 785 1498 865 Δήμητρι·
1510 783 1578 850 τινὲς
1589 783 1617 842 δὲ
1631 783 1677 851 τδς
1690 782 1732 841 διὰ
1746 788 1794 855 τῆς
1805 784 1891 867 φήμης
1902 788 2012 865 γινομένας

477 870 556 945 μήδει
566 893 573 906 ·

475 1006 538 1089 [40]
557 995 628 1097 [ἐγὼ
645 998 674 1071 δ’
692 1010 749 1098 ἐρῶ
763 1032 810 1072 σοι
825 998 920 1072 δεινὸν
937 998 1023 1072 οὐδὲν
1041 994 1104 1074 οὔθ’
1122 1010 1203 1083 ὅπως

554 1123 810 1213 ρυγδιςπατρῴας
827 1115 1002 1197 ἐξεληλασαι
1013 1120 1118 1212 χθονὸς

551 1234 613 1299 otta
629 1241 668 1311 ὡς
685 1240 700 1299 δ
715 1228 830 1311 Τυδεὺς
848 1226 956 1325 ἀνδρὸς
970 1232 1045 1323 αἷμα
1059 1243 1217 1327 συγγενοῦς

554 1349 670 1424 κτείνας
685 1352 714 1412 ἐν
731 1334 823 1441 Ᾰργει
837 1340 928 1424 {effer
945 1348 984 1413 ὢν
1001 1343 1155 1430 αἰκίζεται,

553 1460 615 1527 οὔθ’
632 1466 671 1538 ὡς
687 1463 745 1551 πρὸ
761 1459 870 1534 Θηύῶν
888 1456 1032 1554 ὠμούρδις
1046 1453 1192 1527 ἐδαίσατο

553 1575 606 1639 τὸν
621 1554 792 1641 dardanos
808 1567 907 1642 παῖδα
922 1567 974 1640 διὰ
987 1576 1066 1667 κάρα
1079 1554 1190 1662 τεμιύν.

1287 873 1419 947 μαντείας,
1436 873 1465 939 te
1487 871 1635 953 Φιλόχορύς
1658 894 1723 953 φησι
1744 871 1873 951 Δήμητρα
1890 878 1968 953 εύρεὶν.
1986 878 2010 935 Σ,

1287 959 1342 1039 hx.
1355 962 1430 1019 συλλ.
1445 965 1513 1019 Haec
1528 962 1648 1018 sortasse
1661 962 1782 1039 auguria
1805 974 1879 1033 sunt,
1899 962 2013 1039 quibust

1287 1049 1440 1107 Calchante
1449 1048 1597 1125 explicatis
1605 1048 1731 1106 Achilles
1739 1050 2014 1125 postremoiarlureha

1287 1146 1343 1207 tur,
1357 1148 1391 1193 ut
1405 1137 1508 1195 ceteris
1520 1134 1640 1193 ducibus
1655 1156 1712 1191 non
1726 1136 1849 1211 amplius
1863 1138 2012 1195 reniteretur.

1287 1226 1384 1280 Potuit
1398 1244 1467 1279 vero
1484 1223 1539 1281 illis
1553 1223 1639 1279 etiam
1655 1222 1726 1299 quid
1741 1228 1856 1281 Graecos
1868 1240 2012 1281 maneretar

1287 1323 1390 1367 terram
1412 1311 1565 1388 Trojauam
1588 1312 1724 1387 appulsos
1752 1322 1783 1367 et
1810 1308 1925 1367 fortasse
1947 1312 2012 1369 rader

1286 1398 1434 1456 Protesilai
1449 1397 1592 1476 portendi.

1608 1528 1713 1549 ‘OC-

1562 1643 1763 1705 exstuans.

475 1712 511 1761 W
513 1710 643 1766 elckcrus
654 1709 708 1765 hos
715 1692 819 1767 'versus
833 1710 959 1768 Lacaenis
968 1707 1099 1766 attribuit
1110 1729 1116 1763 :
1128 1726 1227 1764 verum

475 1797 560 1852 etiarn
588 1796 656 1853 huic
680 1796 823 1873 tragoediae
842 1793 1064 1867 conveniebant,
1092 1808 1125 1851 ut
1149 1805 1235 1870 poeta

474 1882 645 1939 discordiam
661 1888 825 1941 Graecorum
841 1885 932 1942 fusius
943 1882 1099 1959 explicaret
1111 1881 1235 1955 ideoque

475 1988 573 2027 causas
589 1970 766 2043 ostenderet,
789 1991 841 2028 cnr
861 1970 978 2046 'frojam
999 1981 1078 2026 tanto
1098 1969 1235 2045 temporis

476 2058 569 2131 spatio
582 2056 768 2128 obsedissent,
787 2073 939 2134 antequam
951 2068 1156 2133 expugnarent.

515 2146 650 2221 Inprimis
674 2160 767 2203 tamen
788 2146 889 2205 Ulixes
913 2164 1030 2221 operam
1053 2143 1166 2202 dedisse
1190 2145 1235 2200 vi-

475 2231 569 2297 detur,
583 2244 615 2289 ut
628 2234 769 2290 Achillem
785 2254 801 2290 a
820 2232 916 2290 reditu
934 2234 964 2289 in
987 2232 1110 2307 patriam
1130 2230 1234 2288 retine·

475 2330 530 2375 ret.
546 2318 635 2395 quue
649 2321 731 2377 illum
746 2320 890 2397 praecipue
902 2319 1106 2397 exprobrando
1122 2319 1234 2394 timore,

1327 1790 1531 1860 Argumentum
1549 1781 1691 1859 tragoediae
1703 1802 1768 1859 quae
1781 1782 1914 1858 Παιμὲνωι
1924 1788 2013 1842 nornine

1287 1872 1393 1947 scripta
1416 1870 1480 1940 fuit,
1495 1870 1564 1927 satis
1583 1881 1704 1947 apparet
1723 1869 1894 1947 quibusdam
1913 1888 2012 1929 veterum

1286 1959 1536 2035 grammaticorum
1569 1956 1646 2015 locis.
1676 1962 1793 2015 Tzetaes
1828 1958 1863 2016 ad
1899 1962 2012 2037 Lycophr.

1289 2046 1361 2122 529:
1380 2044 1491 2125 Ἱστορεῖ
1515 2048 1529 2101 δ
1553 2045 1690 2125 Σοφοκλῆς
1717 2046 1743 2102 ἐν
1770 2044 1895 2121 Ποιμέσιν
1919 2048 1961 2105 {mi
1979 2053 2011 2103 τιδ

1286 2132 1415 2212 Ἕκτορος
1440 2134 1605 2212 ἀναιρεθῆναι
1627 2132 1671 2190 τὸν
1700 2133 1891 2213 Πρωτεσίλαον.
1916 2137 2011 2193 blaaile-

1288 2224 1358 2280 stius
1364 2219 1440 2299 apud
1454 2220 1570 2279 Suidam
1582 2220 1707 2289 ν.Ξαιιίἰ,
1719 2220 1849 2282 κοπιάτω.
1861 2223 1891 2281 Σ.
1902 2222 2009 2297 Πιιμίειι·

1285 2308 1395 2389 Ἕκτωρ
1409 2316 1463 2375 τοῖς
1475 2306 1588 2386 Ἀχαιοῖς
1603 2306 1760 2385 βουλόμενος
1773 2306 1901 2385 μάχεσθαί
1911 2332 1981 2387 φησιν·

473 2425 534 2479 qno
560 2406 685 2464 Achilles
707 2407 742 2464 ad
770 2406 950 2465 redeundum
977 2420 1123 2483 permotus
1151 2418 1235 2472 esset,

472 2492 603 2549 effecisse
620 2494 802 2553 crediderim.
820 2499 884 2552 Huc
900 2495 1024 2573 pertinet
1045 2494 1234 2570 fragmentum

475 2579 552 2655 apud
579 2582 760 2639 Plutarchum
782 2584 883 2640 Moral.
908 2603 937 2660 p.
964 2590 1020 2652 74,
1037 2588 1062 2639 A
1081 2605 1087 2638 :
1103 2578 1138 2639 ‘0
1162 2578 1235 2658 παρὰ

477 2668 604 2744 Σοροκλεῖ
616 2667 658 2726 τὸν
672 2668 793 2747 Ἀχιλλέα
813 2666 963 2750 παροξύνων
988 2666 1129 2733 Ὀδυσσεύς
1143 2667 1173 2726 ού
1185 2690 1236 2747 φη·

476 2776 519 2811 σιν
537 2755 682 2834 ὀργίζεσθαι
694 2756 736 2814 διδι
752 2757 782 2816 τὸ
796 2759 908 2828 δεῖπνον,
922 2756 990 2815 ἄλλοί
1004 2779 1101 2836 φησιν·

1386 2426 1451 2488 Ἦδδ
1467 2428 1575 2501 ξανῆσαι
1587 2428 1633 2486 καί
1647 2428 1833 2505 προγυμνάσαι
1846 2428 1914 2509 χίρα.

1287 2564 1399 2637 Quibus
1414 2563 1487 2621 addc
1501 2562 1593 2619 Procli
1606 2560 1710 2619 verba:
1725 2557 1843 2621 Ἔπειτα
1855 2561 2009 2622 emtum

1287 2651 1378 2717 αὐτούς
1401 2652 1436 2716 είς
1452 2648 1533 2709 Ἴλιον
1557 2648 1683 2727 εἴργουσιν
1710 2651 1734 2707 ol
1757 2652 1847 2731 Τρῶες
1870 2650 1910 2707 καὶ
1929 2648 2009 2717 friam

1288 2737 1471 2821 Πρωτεσίλαος
1487 2739 1528 2817 ὑφ’
1546 2734 1683 2814 Ἕκτορος·
1700 2736 1792 2795 ἔπειτα
1808 2734 1929 2815 Ἀχιλλεύς
1941 2734 2009 2795 etad.-

1285 2826 1409 2907 τρέπεται
1421 2822 1517 2883 ιἰνελὼν
1530 2822 1630 2882 Κύκνον
1643 2822 1687 2881 aba
1704 2826 1872 2887 Ποσειδῶνας.

1326 2914 1475 2973 Sufficiunt
1490 2912 1550 2969 haec
1564 2911 1815 2987 grammaticorum
1830 2910 1933 2967 indicia.
1944 2908 2009 2965 tite-

1287 3001 1421 3060 turenim
1442 3011 1528 3077 poeta
1548 3018 1606 3057 non
1620 2997 1697 3055 aliud
1715 3000 1881 3075 exposuisse
1891 3014 2009 3073 argumen

1287 3102 1348 3147 turn
1367 3106 1453 3165 quarn
1468 3085 1619 3161 AEschylus
1640 3091 1751 3161 Cygno,
1772 3086 1882 3143 initium
1892 3084 2008 3142 bellitur

1282 3176 1362 3255 jani,
1404 3175 1557 3233 adventum
1595 3176 1782 3246 Graecorum,
1821 3174 2010 3252 fugientiunuue

1286 3267 1476 3343 Trojanorum
1491 3265 1522 3322 in
1535 3262 1637 3321 urbem
1651 3261 1879 3339 trepidationem.

1326 3361 1389 3414 Non
1404 3354 1472 3410 satis
1486 3363 1607 3422 constat,
1622 3371 1681 3427 quo
1696 3352 1726 3408 in
1742 3351 1809 3409 loco
1827 3372 1870 3410 res
1887 3363 1947 3408 acta
1961 3351 2009 3414 sint,

1286 3443 1315 3500 in
1334 3441 1405 3499 urbe
1425 3461 1461 3497 an
1478 3441 1507 3497 in
1531 3457 1615 3516 agro,
1637 3457 1813 3514 quamquam
1834 3436 1948 3494 dubitari
1968 3453 2009 3490 nou

1288 3542 1382 3604 potest
1404 3529 1473 3604 quin
1490 3538 1575 3604 poeta
1587 3525 1782 3601 Trojanorurn
1796 3545 1842 3584 res
1854 3545 1910 3584 esse
1929 3523 2008 3582 lecerit.

1286 3617 1447 3674 Welclterus
1464 3625 1583 3690 propter
1599 3612 1720 3669 chorum
1733 3612 1829 3669 omnia
1843 3623 1918 3670 extra
1935 3609 2009 3666 tramit

1287 3703 1368 3761 urbis
1393 3712 1533 3759 transacta
1559 3699 1691 3776 conjecit.
1712 3703 1821 3758 Verum
1844 3699 2010 3758 chorasmos

529 2898 590 2985 [41]
606 2886 676 2975 illa
689 2902 728 2968 τὰ
745 2902 854 2992 Τροίας
871 2909 991 2992 εἰσορῶν
1008 2893 1119 2966 ἑδώλια

609 3011 760 3093 δέδοικας.

477 3147 531 3204 Καὶ
545 3145 609 3225 πρὸς
623 3152 705 3202 ταῦτα
720 3143 797 3201 πάλιν
815 3149 859 3201 τοῦ
875 3142 1014 3221 Ἀχιλλέως
1030 3143 1233 3218 διαγανακτῶν-

475 3255 519 3298 τος
532 3234 576 3291 καλ
590 3233 715 3291 ἀποπλεῖν
728 3229 861 3307 λέγοντος·

475 3376 540 3460 [42]
556 3359 658 3466 Εγῷδ
673 3369 689 3435 ὃ
705 3375 830 3464 φεύγεις,
848 3378 881 3438 ού
899 3373 935 3437 τὸ
952 3375 993 3462 μὴ
1008 3373 1106 3436 κλύειν
1123 3383 1232 3448 κακῶς·

549 3490 619 3554 ἀλλ’
632 3490 720 3580 ἐγγύς
732 3471 842 3576 Europ
859 3485 951 3552 ἐστίν·
965 3490 999 3552 οὐ
1016 3489 1111 3576 μένειν
1128 3487 1231 3552 καλόν.

474 3619 528 3695 (ln
540 3617 597 3673 linc
609 3613 725 3692 quidam
743 3614 808 3672 libri
821 3613 954 3691 θυμαίνειν
968 3612 1071 3692 καλόν.)
1082 3616 1136 3672 llic
1148 3615 1233 3672 etiarn

476 3705 539 3781 [43]
550 3732 561 3753 ι
572 3701 714 3775 human,
727 3729 740 3754 ν
753 3699 824 3767 ίθνος
835 3705 882 3773 τῆς
893 3699 1030 3782 Τρῳάδος,
1040 3721 1087 3779 ap.
1098 3701 1233 3777 Hesych,

475 3793 628 3849 memorari
645 3803 788 3868 poterant.
806 3789 918 3848 Deinde
931 3789 1008 3847 alind
1027 3801 1071 3845 est
1095 3790 1234 3866 fragmen-

476 3891 536 3937 tum
566 3877 643 3957 apud
666 3876 789 3935 eundem
815 3877 1006 3953 Hesychium,
1027 3871 1089 3958 [44]
1116 3902 1128 3926 ι
1148 3873 1234 3943 larde-
1285 3878 1443 3945 cludamus,
1459 3876 1617 3952 praesertim
1635 3893 1725 3951 quarn
1740 3875 1795 3932 alia
1813 3873 2008 3952 quatiamine

474 3970 624 4036 ντῦσθαι,ν
649 3963 823 4042 πορεύεσθαι,
842 3985 901 4041 (μιο
921 3964 1037 4021 videtur
1049 3964 1175 4021 Achilles
1190 3964 1234 4020 in·
1286 3967 1409 4036 alantur,
1430 3985 1494 4040 quae
1515 3985 1579 4022 cnm
1598 3963 1646 4020 illa
1666 3965 1807 4022 sententia
1830 3964 1877 4022 rix
1896 3959 2007 4018 concilim

476 4054 584 4130 telligi,
613 4053 663 4129 qui
694 4065 830 4129 rogatur,
857 4066 889 4108 ut
918 4065 1053 4127 tanquam
1078 4052 1184 4129 hospes
1205 4051 1234 4108 in
1286 4053 1404 4131 possint.
1436 4051 1535 4129 Neque
1566 4051 1642 4109 enirn
1673 4051 1860 4128 intelligitur,
1893 4043 2008 4126 quomodo

475 4162 574 4220 agrum
589 4141 747 4217 Trojanurn
761 4140 903 4218 proficisci
924 4141 1001 4198 velit.
1026 4140 1118 4199 Aliter
1139 4139 1235 4216 expli·
1285 4141 1391 4198 chorus
1406 4141 1437 4198 in
1453 4159 1522 4216 agro
1535 4140 1667 4197 Hectoris
1682 4138 1861 4216 aliorumque
1874 4135 2007 4213 imploraret

474 4231 549 4286 catio
561 4230 698 4305 Hesychii
710 4230 927 4286 conconvenit.
939 4233 1084 4286 Incertum
1098 4241 1139 4285 est
1158 4229 1232 4305 apud
1284 4228 1421 4285 auxilium
1444 4226 1580 4284 adversus
1599 4226 1706 4292 hostes,
1739 4245 1861 4302 qnorum
1885 4223 2006 4310 adventurn

475 4316 596 4391 Hesych.
608 4315 670 4392 [45]
692 4343 704 4366 ι
717 4315 918 4387 δπισειαύαης,ν
933 4314 1149 4390 ἐπικελευομένης
1161 4336 1168 4350 ·
1182 4315 1234 4373 ἀπὸ
1285 4334 1385 4372 ramnes
1404 4315 1489 4371 ceteri
1514 4325 1618 4390 praeter
1641 4326 1770 4390 pastores
1792 4310 1954 4390 ignorabant,
1966 4307 2005 4360 nia

1287 3811 1343 3848 non
1356 3788 1474 3862 suflicit,
1496 3800 1526 3845 ut
1540 3787 1617 3864 qnod
1631 3788 1692 3844 vult
1704 3788 1749 3845 vir
1763 3787 1944 3854 doctissimus,
1960 3803 2009 3839 ron·

360 4444 369 4459 .
473 4406 524 4460 τῶν
547 4401 592 4468 τδις
616 4403 690 4475 ἡνίας
714 4402 910 4481 ἐπιχαλώντων.
932 4403 1052 4460 Videtur
1073 4421 1132 4459 vox
1153 4403 1233 4460 chori
1286 4403 1315 4458 in
1329 4402 1419 4479 ipsam
1434 4400 1534 4458 urbem
1549 4401 1831 4459 venissenthtsunt
1846 4400 2006 4468 illicuargrr

473 4510 544 4560 esse,
557 4473 1234 4568 quifortassebelligaudium,quandollagello,
1285 4487 1367 4567 gibus
1393 4500 1479 4565 atque
1503 4488 1539 4546 de
1562 4489 1606 4546 his
1631 4489 1700 4565 ipsis
1726 4489 1886 4564 loquuntur.
1906 4481 1932 4540 ld
1953 4497 2006 4532 mm

473 4574 578 4654 μάιιθλῃ
592 4577 763 4648 ‚excitantur
773 4579 852 4654 equi,
865 4579 1013 4654 anticipat.
1027 4576 1180 4653 Reliquum
1192 4589 1234 4635 est
1284 4576 1396 4653 egregie
1418 4575 1551 4632 convenit
1574 4575 1656 4632 initio
1679 4574 1747 4632 betti
1770 4571 1895 4631 omnibus
1913 4569 1937 4624 in
1958 4564 2006 4658 lora

473 4663 550 4741 apud
575 4664 773 4742 Hesychium,
797 4664 859 4742 [46]
882 4663 1072 4740 «ξυμὸολουςυ
1103 4663 1162 4730 τοὺς
1188 4663 1231 4722 διδ
1286 4664 1396 4720 munita
1407 4660 1589 4740 fugientibus.
1601 4661 1712 4719 Deinde
1723 4681 1791 4720 vero
1801 4661 1878 4718 etiam
1889 4667 2006 4712 memorre

472 4754 525 4808 τῶν
549 4753 676 4828 πταρμῶν
717 4749 872 4828 οἰωνισμοὺς
897 4751 1000 4828 ἔλεγον·
1029 4751 1175 4810 ἀνετίθεντο
1203 4749 1230 4810 dl
1285 4751 1431 4828 proditum
1446 4763 1489 4807 est
1503 4748 1641 4825 Trojanos
1661 4749 1727 4808 belli
1744 4750 1824 4806 initio
1836 4740 1958 4824 quidquid
1970 4739 2005 4792 in·

488 4861 2004 4892 *ww-M

473 5008 571 5064 Dicam
585 5024 635 5081 ego
648 5009 698 5064 tibi
711 5009 779 5064 nihil
793 5008 937 5081 indignum
951 5025 1039 5081 neque

472 5087 576 5143 exulan
587 5096 615 5143 te
627 5088 715 5159 patrio
729 5087 789 5146 solo
803 5089 911 5160 pulsum
926 5081 1016 5156 esse,

472 5180 560 5236 neque
573 5164 696 5238 Tydcum
709 5166 840 5238 sanguine
851 5167 901 5222 riri
916 5168 1023 5239 cognati

471 5243 584 5316 profuso
597 5244 678 5318 Argis
690 5253 722 5301 ut
732 5246 866 5317 hospitem
880 5246 1020 5313 habitare,

472 5339 559 5394 neque
572 5331 634 5378 anta
646 5323 751 5379 Thebas
763 5322 848 5383 crudo
861 5325 941 5397 epulo
954 5341 1034 5381 usum

473 5403 565 5457 Astaci
579 5401 625 5458 lilii
640 5402 728 5474 capite
740 5402 813 5459 lisso.

1640 4945 1685 4992 «tt.

1285 5045 1344 5098 Jam
1357 5057 1442 5114 quum
1455 5039 1532 5096 sedes
1544 5041 1676 5112 'trojanas
1689 5037 1780 5104 rides,

1285 5121 1382 5175 timore
1397 5117 1527 5172 incitaris.

1637 5234 1682 5284 42.

1283 5327 1345 5382 Scin
1357 5343 1407 5382 cur
1418 5327 1616 5400 tergiverseris:
1630 5333 1725 5382 noant
1735 5325 1803 5380 ιιιαία
1814 5321 1908 5381 audias,
1951 5313 2001 5380 {est

1282 5406 1328 5460 ὅθί]
1340 5420 1424 5476 Ρῐθθθ
1436 5406 1510 5461 lbffil
1523 5409 1631 5470 Hector,
1646 5419 1733 5476 neque
1745 5417 1847 5459 manere
1859 5387 2002 5454 raruarodunt
