4567 6425
469 720 526 774 21⁰

467 844 595 897 l‘uernnt
605 836 655 914 qni
669 835 798 912 captivas
809 830 952 899 mulieres,
964 845 1036 904 quas
1049 822 1174 883 Achilles
1180 838 1228 878 ce-

468 928 572 1004 pisset,
597 924 802 1001 intelligerent,
829 918 917 995 idque
942 914 1145 998 concluserunt
1169 909 1225 967 lra-

468 1026 584 1090 gmento
595 1055 604 1083 ,
617 1032 675 1089 quo
688 1010 798 1084 Chryse
812 1020 841 1066 et
854 1005 925 1064 Cilla
940 1000 1048 1081 oppida
1061 1017 1226 1057 memoran-

469 1114 524 1159 tur.
535 1105 634 1176 ltaque
643 1118 677 1156 ea
695 1093 895 1155 tantummodo
910 1092 955 1169 agi
973 1087 1145 1157 indicarunt,
1164 1104 1229 1162 quae

470 1202 565 1247 esseut
582 1186 666 1246 initio
678 1184 792 1254 Iliadis,
807 1180 925 1256 Cltrysae
943 1176 1098 1235 sacerdotis
1119 1174 1228 1251 repeti-

471 1276 577 1334 tionem
594 1275 659 1332 liliae
674 1286 704 1330 et
716 1269 930 1330 altercationem
948 1267 1024 1323 inter
1037 1268 1229 1342 Agamemno-

469 1383 534 1422 nem
548 1376 576 1421 et
587 1362 733 1420 Achillem.
752 1366 787 1416 At
799 1358 890 1415 multa
903 1365 969 1413 sunt
981 1373 1045 1431 quae
1059 1364 1228 1429 argumento

470 1450 611 1529 ejusmodi
630 1470 688 1507 non
709 1446 893 1505 conveniunt.
907 1442 1041 1518 Chryseis
1058 1440 1136 1519 opud
1153 1445 1227 1515 Aga-

470 1556 649 1595 memnonem
670 1536 743 1604 luit,
762 1554 820 1591 nott
843 1529 1002 1602 Achillem,
1026 1547 1119 1605 neque
1141 1526 1228 1603 hujus

470 1626 603 1683 mulieres
619 1624 740 1701 captivae
753 1618 899 1679 introduci
915 1628 1090 1695 potuerunt,
1104 1614 1141 1673 de
1156 1633 1228 1691 qua-

470 1732 534 1770 rum
549 1713 663 1769 lortuna
674 1709 746 1769 nihil
758 1721 859 1767 notum
870 1718 923 1777 est,
936 1724 1030 1781 neque
1039 1722 1084 1760 res
1094 1715 1150 1773 est,
1164 1721 1228 1779 quas

471 1801 538 1859 satis
553 1800 648 1877 gravis
666 1798 752 1856 luerit
769 1810 820 1854 ant
834 1795 937 1854 idonea
956 1790 1105 1869 tragoediae.
1127 1794 1228 1867 Neque

470 1886 548 1964 tynod
560 1889 646 1945 sciam
655 1886 735 1945 'nllus
748 1896 836 1964 poeta
847 1883 914 1953 suit,
930 1881 980 1958 qui
993 1880 1046 1937 illo
1056 1891 1226 1955 argumento

470 1975 506 2033 ad
529 1976 696 2053 tragoediarn
720 1994 789 2031 usus
804 1984 886 2030 esset.
905 1969 1049 2042 Quocirca
1071 1968 1167 2024 verior
1184 1980 1228 2025 est

469 2064 610 2123 Welckeri
619 2062 768 2130 sententia,
778 2061 827 2136 qui
836 2078 895 2116 rem
904 2068 969 2135 post
978 2055 1121 2113 excidium
1131 2054 1228 2132 'l'rojae

470 2163 562 2207 actam
587 2150 772 2227 captivasque
796 2144 936 2222 'l'rojanas
959 2143 1138 2201 introductas
1166 2163 1228 2201 esse

470 2238 622 2295 existimat.
647 2238 785 2312 Pleraque
818 2247 911 2291 tamen
938 2245 1005 2289 sunt
1031 2231 1227 2289 incertissima.

470 2326 653 2399 compositus
663 2336 706 2381 est
716 2323 832 2400 quidem
847 2342 864 2378 a
877 2320 1028 2379 Welcltero
1040 2338 1158 2397 mugnus
1170 2339 1227 2375 nu-

470 2432 564 2469 merus
582 2430 768 2489 personarum
782 2409 891 2467 auxilio
902 2407 1028 2466 Hecubae
1045 2408 1227 2466 etTroadum

468 2499 614 2576 Euripidis
625 2522 633 2571 ;
649 2510 678 2555 at
692 2511 759 2555 sunt
770 2496 848 2553 nulla
860 2496 977 2554 nomina
988 2494 1158 2553 auctoritate
1173 2498 1227 2553 So·

470 2584 580 2659 plrorlis
595 2586 761 2642 confirmata
779 2602 872 2659 neque
894 2583 1053 2659 fragmenta
1069 2582 1226 2658 quidquam

469 2670 613 2739 iudicant,
632 2692 690 2749 qno
708 2670 795 2728 ullam
810 2671 903 2727 lacere
921 2667 1115 2747 conjecturam
1132 2670 1225 2726 licent.

469 2759 554 2830 Quod
576 2772 672 2816 auteur
699 2758 867 2817 Welclerus
896 2758 1040 2815 existimat
1061 2757 1226 2833 trogoediam

469 2865 531 2904 esse
541 2845 733 2904 Antenoridas
744 2844 945 2917 subsecutam,
960 2843 1047 2920 idque
1054 2842 1226 2920 comprobat

469 2934 533 2989 loco
543 2976 551 3003 ,
562 2953 623 3009 quo
638 2932 733 2991 sabula
750 2934 779 2990 in
795 2943 964 3009 argumento
981 2930 1074 3006 Ajacis
1096 2951 1224 2987 conuue-

469 3032 578 3076 rnorata
591 3019 643 3091 sit,
658 3018 730 3077 hanc
744 3020 884 3077 rationem
898 3016 1031 3095 equidem
1050 3037 1152 3075 ranam
1165 3040 1225 3077 esse

467 3106 611 3163 existimo.
625 3111 695 3163 Nam
709 3118 741 3163 nt
754 3106 802 3164 ille
812 3105 1013 3182 grammaticus
1023 3104 1054 3161 in
1067 3106 1129 3163 aliis
1142 3105 1223 3163 ordi-

467 3213 532 3251 nem
544 3213 601 3250 oon
614 3205 705 3260 tenet,
717 3194 758 3252 ita
770 3214 828 3250 non
842 3214 877 3250 es
889 3192 1027 3250 memoria
1041 3192 1110 3251 citat
1123 3205 1226 3266 trago*

465 3279 528 3336 dias
547 3300 618 3358 quas
635 3281 698 3356 ipse
714 3281 830 3356 legerit,
854 3279 924 3351 sed,
943 3292 975 3337 ut
998 3279 1055 3338 alio
1070 3280 1136 3338 loco
1150 3281 1225 3339 dini-

467 3389 548 3440 mus,
569 3390 605 3428 ex
630 3371 731 3428 ordine
750 3371 909 3428 litterarum
934 3368 1105 3440 initialinm,
1124 3371 1174 3430 uhi
1197 3396 1223 3430 tn

467 3458 694 3536 :interpositum
709 3471 761 3515 est.

506 3549 537 3602 ln
560 3556 639 3603 tauta
659 3544 789 3602 omnium
807 3564 902 3602 rerum
919 3542 1095 3604 obscuritate
1114 3566 1224 3626 perop-

468 3645 623 3710 portunum
652 3645 696 3690 est
724 3632 803 3710 quod
827 3631 959 3709 quaedam
990 3644 1084 3689 tamen
1110 3649 1223 3695 serrata

467 3733 533 3778 sum
542 3763 551 3790 ,
570 3739 635 3798 qna
655 3720 779 3798 quodam
793 3732 879 3798 pacto
894 3720 969 3778 riam
984 3720 1136 3779 ostendere
1148 3735 1176 3780 et
1198 3726 1222 3783 si

404 3854 409 3867 .
467 3811 560 3867 minus
574 3829 657 3879 vera,
672 3821 765 3866 tamen
782 3828 846 3885 quae
861 3807 918 3865 sint
934 3804 1115 3885 probabilia,
1138 3830 1223 3868 mon-

465 3911 556 3954 strare
570 3896 687 3975 possint.
705 3897 835 3973 Hyginus
848 3895 925 3953 enirn
940 3906 1093 3972 postquam
1107 3901 1221 3974 Equum

464 3982 621 4060 'trojanum
643 3983 845 4060 excidiumque
857 3987 953 4059 Trnlae
965 3983 1110 4062 exposuit,
1125 3983 1221 4046 sabula

464 4073 530 4129 ClX
541 4071 600 4127 lraec
609 4071 753 4129 memoriae
761 4070 907 4149 prodidit:
919 4069 1052 4127 «Priamo
1061 4071 1222 4148 Polydorus

464 4160 536 4216 lilius
548 4177 583 4216 ex
599 4156 714 4216 Hecuba
726 4179 817 4236 quum
838 4170 922 4216 natus
933 4169 1024 4229 esset,
1044 4158 1142 4216 llionae
1156 4162 1220 4222 titiae

463 4265 521 4302 suae
532 4246 674 4304 dederunt
683 4266 755 4304 eum
767 4244 965 4316 educandum,
980 4265 1044 4323 quae
1062 4246 1220 4323 Polymne-

463 4337 533 4394 stori
558 4335 618 4414 regi
642 4336 772 4394 Thracia
791 4349 852 4393 erat
868 4347 976 4412 nupta,
990 4355 1075 4412 quem
1094 4337 1141 4395 illa
1165 4359 1219 4416 pro

462 4423 521 4480 filio
541 4443 596 4480 suo
608 4424 748 4482 educavit.
761 4423 929 4501 Deiphilum
949 4436 1062 4494 autem,
1078 4444 1163 4501 quem
1182 4449 1219 4486 ex

461 4512 675 4586 Polymnestore
682 4523 904 4588 procreaverat,
916 4530 970 4587 pro
982 4530 1034 4568 suo
1048 4512 1135 4570 fratre
1147 4514 1219 4573 edu-

461 4604 547 4671 cavit,
562 4611 594 4655 ut
614 4599 638 4655 si
651 4598 733 4656 alteri
745 4617 846 4656 eorum
866 4597 1036 4676 quidforet,
1051 4601 1218 4675 parentibus

460 4699 618 4763 prestaret.
629 4686 684 4744 Sed
695 4705 786 4762 quum
800 4685 999 4761 thiriTroja
1010 4699 1093 4762 cupta
1102 4690 1216 4765 prolem

460 4773 564 4829 Priami
588 4773 747 4848 exstirpare
761 4772 883 4844 vellent,
899 4773 1072 4846 Astyanacta
1086 4778 1216 4835 Hectoris

459 4873 490 4916 et
502 4860 711 4918 Andromacha
721 4861 810 4918 lilium
818 4860 854 4916 de
866 4861 1123 4938 murodejecerunt
1137 4877 1167 4920 ct
1180 4867 1215 4923 ad

460 4947 675 5022 Polymnestore
688 4948 795 5025 legatos
808 4948 946 5006 miserunt
953 4991 964 5018 ,
984 4952 1035 5028 qui
1048 4950 1077 5008 ei
1093 4959 1214 5027 Agame·

459 5035 573 5092 mnoois
588 5036 673 5094 lilium
686 5037 804 5094 nomine
816 5036 957 5095 Electram
963 5038 1172 5114 pollicerentur
1183 5040 1213 5098 io

458 5121 622 5198 conjugium
636 5137 665 5181 et
676 5124 739 5180 auri
757 5143 886 5201 maguam
900 5126 1030 5201 copiasu,
1044 5127 1067 5182 si
1086 5125 1214 5202 Polydo-

460 5229 522 5265 rtuu
547 5211 649 5268 Priami
679 5211 767 5269 lilium
797 5212 993 5271 interfecisset.
1017 5213 1214 5289 Polymnestor

457 5297 614 5371 legatorum
631 5298 707 5355 dicta
724 5320 781 5357 nou
802 5300 1213 5380 repudiarit,Deipl1ilnntque

458 5385 546 5440 lilium
556 5403 637 5442 suum
650 5387 816 5462 imprudens
827 5388 942 5461 occidit,
957 5391 1098 5446 arbitrans
1114 5409 1145 5447 se
1157 5397 1213 5450 ro-

454 5471 590 5550 lydorum
612 5474 698 5531 lilium
728 5477 830 5533 Priami
847 5475 1030 5536 interfecisse.
1052 5478 1212 5554 Polydorus

1004 690 1214 757 SOPHOCLIS
1233 688 1484 751 FRAGMENTA.

1283 828 1378 874 autem
1393 822 1429 876 ad
1441 819 1588 877 oraculum
1601 826 1745 901 Apollinis
1756 822 1793 883 de
1808 824 1968 897 parentibus
1976 848 2021 886 suu

1281 902 1457 964 sciscitatum
1480 919 1523 964 est
1549 909 1707 986 prolectas.
1728 915 1783 970 Cui
1808 932 1971 991 responsum
1988 932 2021 973 est

1281 995 1405 1071 patriam
1415 995 1576 1067 incensam,
1589 1012 1700 1075 patrem
1717 1001 1864 1072 occisum,
1882 1006 2020 1061 thabernis

1281 1084 1420 1143 servitute
1430 1086 1635 1159 teneri.Quum
1647 1088 1714 1147 inde
1722 1092 1831 1149 rediret
1839 1104 1870 1151 et
1880 1093 2021 1153 viditalitrr

1280 1191 1341 1231 esse
1358 1194 1392 1231 ac
1408 1172 1464 1233 sibi
1482 1193 1652 1253 responsum
1673 1178 1744 1252 tuit,
1762 1200 1794 1239 se
1815 1181 2020 1257 Polymnestoris

1280 1276 1342 1317 esse
1356 1261 1461 1333 lilium,
1478 1260 1515 1319 ab
1532 1282 1633 1322 sorore
1646 1266 1756 1324 Ilionea
1776 1268 1945 1345 inquisistit¹
1967 1270 2020 1347 quid

1281 1346 1322 1403 ita
1333 1347 1415 1405 aliter
1433 1361 1525 1407 sortes
1538 1350 1676 1409 dixissent
1688 1356 1701 1413 l
1713 1354 1767 1413 Cui
1778 1376 1880 1429 soror,
1895 1357 1962 1433 qnid
1972 1362 2018 1415 reri

1280 1448 1375 1511 esset,
1390 1437 1525 1513 patefecit
1538 1452 1568 1495 et
1582 1438 1644 1515 ejus
1661 1440 1783 1500 consilio
1798 1445 2020 1521 Polymnestorem

1281 1522 1438 1582 luminibus
1448 1524 1575 1602 privarit
1584 1540 1672 1605 atque
1685 1528 1841 1589 interiecit.
1852 1557 1864 1583 ι
1877 1532 2021 1609 Haecllygi-

1280 1630 1354 1683 nus,
1378 1632 1501 1689 quornm
1523 1626 1556 1671 nt
1575 1614 1654 1673 lorus
1673 1618 1755 1695 ipse,
1772 1638 1832 1695 quo
1848 1638 1883 1676 ea
1897 1622 2021 1689 narrarit,

1280 1700 1364 1757 valde
1377 1700 1567 1761 memorabilis
1579 1716 1621 1761 est
1632 1746 1641 1775 ,
1652 1704 1691 1761 ita
1704 1706 1821 1763 maximi
1833 1708 1963 1764 momenti
1973 1726 2021 1764 essr

1280 1785 1429 1859 videatur,
1450 1787 1530 1863 quotl
1552 1792 1683 1867 Hyginus
1703 1792 1753 1849 illa
1767 1792 1805 1850 ab
1822 1794 1957 1871 Euripide
1975 1814 2019 1851 non

1279 1874 1407 1952 accepit,
1422 1876 1472 1951 qni
1495 1877 1632 1954 pleraque
1645 1880 1674 1935 io
1690 1878 1812 1937 Hecuba
1832 1895 1862 1937 et
1882 1882 2021 1939 Troadibus

1280 1962 1364 2019 aliter
1377 1964 1518 2041 exposuit.
1531 1968 1596 2021 Nou
1610 1965 1698 2043 igitur
1710 1965 1883 2025 incredibile
1904 1980 1945 2025 est
1955 1988 2020 2043 que·

1281 2046 1345 2105 darn
1356 2050 1455 2107 saltem
1466 2070 1527 2109 esse
1541 2072 1558 2109 a
1570 2052 1715 2130 Sophocle
1724 2054 1858 2131 repetita,
1869 2074 2019 2133 quamquam

1281 2157 1339 2194 non
1352 2136 1472 2197 dixerim
1488 2140 1584 2197 omnia
1600 2160 1662 2197 esse
1674 2160 1732 2199 uun
1750 2141 1889 2219 tragoedia
1901 2148 2017 2221 exposita

1280 2226 1346 2282 Fuit
1359 2226 1434 2283 enim
1451 2226 1541 2285 lliona
1553 2229 1670 2286 Pacuvii
1684 2242 1714 2286 et
1730 2228 1850 2288 sortasse
1863 2231 1945 2289 etiam
1955 2234 2017 2289 Attii.

1282 2313 1332 2371 Est
1344 2332 1414 2371 vero
1428 2314 1558 2391 quaedam
1567 2316 1717 2373 consensio
1731 2334 1838 2389 rerum,
1852 2318 1929 2396 quod
1939 2320 2015 2376 onnia

1280 2420 1344 2477 quae
1357 2414 1524 2471 narrantur,
1537 2403 1573 2461 ad
1588 2402 1706 2461 domum
1723 2404 1830 2463 Priami
1855 2408 2015 2485 exstinguen-

1280 2489 1344 2546 dnru
1361 2490 1516 2566 pertinent.
1534 2495 1613 2549 Inter
1631 2492 1728 2549 omnia
1750 2493 1875 2551 maxime
1894 2496 2015 2559 eminent,

1279 2596 1344 2653 quae
1355 2576 1392 2634 de
1406 2584 1579 2653 Astyanacte
1590 2580 1698 2657 scripta
1710 2592 1777 2637 suut
1789 2603 1796 2639 ι
1810 2606 1824 2631 α
1836 2601 1922 2659 quutn
1934 2582 2015 2639 Arhiti

1279 2664 1389 2739 prolem
1407 2666 1511 2725 Priami
1536 2668 1696 2745 exstirpare
1719 2667 1847 2740 vellent,
1867 2676 2015 2745 Astyanacta

1279 2752 1315 2809 de
1329 2772 1411 2810 muro
1423 2753 1620 2830 dejecerunt·
1636 2759 1699 2813 Hoc
1713 2756 1883 2831 praeclarum
1897 2756 2016 2835 tragedia

1278 2853 1480 2919 argumentum
1502 2842 1558 2900 luit
1572 2855 1601 2900 et
1618 2842 1808 2921 peridoneum
1825 2848 2016 2903 cornmorendis

1277 2928 1442 2987 auditorum
1463 2930 1576 2991 animis.
1599 2930 1715 2989 Accedit
1734 2932 1815 3008 quod
1839 2946 2015 3012 argumentata

1277 3019 1421 3095 quandam
1429 3020 1647 3080 similitudinem
1658 3042 1723 3080 cum
1733 3022 1916 3081 Antenoridis
1924 3024 2012 3100 prodit.

1277 3111 1311 3165 lu
1323 3108 1371 3165 illa
1381 3108 1455 3166 enim
1469 3107 1616 3185 tragoedia,
1629 3123 1660 3168 ut
1670 3128 1724 3167 uos
1736 3111 1930 3188 exposuimus,
1937 3112 2014 3168 Grati

1277 3193 1418 3256 carebant
1432 3216 1469 3255 ne
1480 3197 1546 3274 quis
1558 3197 1769 3276 Trojanorum,
1784 3197 1836 3276 qui
1848 3218 1943 3258 nocere
1952 3202 2013 3255 Grae·

1277 3284 1317 3341 cis
1339 3283 1368 3341 in
1386 3295 1531 3362 posterum
1555 3298 1605 3344 aut
1618 3299 1715 3364 posset
1733 3299 1786 3344 aut
1798 3287 1898 3356 vellet,
1914 3287 1941 3344 in
1958 3307 2013 3362 agro

1278 3371 1404 3448 Trojano
1419 3385 1581 3430 remaneret
1589 3383 1602 3444 '3
1617 3373 1646 3431 io
1663 3373 1864 3432 alternantem
1884 3371 2013 3450 tragedia,

1276 3459 1413 3536 Captivis,
1424 3458 1618 3538 providebant
1629 3479 1665 3518 ne
1677 3461 1744 3537 quis
1751 3462 1838 3538 regia
1846 3461 1939 3539 stirpis
1945 3472 2013 3520 esset.

1276 3548 1326 3625 qui
1337 3549 1474 3606 ultionem
1489 3567 1544 3625 pro
1556 3549 1647 3626 patria
1658 3569 1759 3607 eversa
1771 3547 1921 3626 aliquando
1930 3553 2013 3606 aGre

1275 3637 1316 3694 cis
1326 3635 1440 3713 exigere
1452 3633 1579 3694 deberet.
1590 3635 1722 3713 Denique
1735 3635 1759 3694 si
1771 3649 1960 3714 argumentum
1971 3647 2013 3691 tra

1275 3723 1375 3802 goediae
1388 3723 1442 3782 luit
1454 3714 1532 3802 quod
1547 3724 1680 3796 diximus,
1694 3725 1838 3783 sententia
1854 3739 1944 3782 nostra
1956 3723 2013 3782 Attii

1275 3813 1448 3872 auctoritate
1460 3811 1643 3881 defenditur,
1656 3811 1739 3890 cujus
1756 3813 1853 3871 lahula
1868 3813 1918 3872 luit
1931 3819 2011 3886 Astra

1274 3919 1341 3970 nax,
1356 3917 1450 3976 neque
1468 3898 1583 3957 videtur
1598 3899 1647 3957 ille
1659 3919 1711 3956 sua
1725 3899 1762 3956 ah
1777 3901 1835 3958 alio
1850 3913 1931 3978 poeta
1943 3899 2012 3956 nisia

1273 3987 1417 4064 Sophocle
1425 3987 1579 4065 accepisse.
1591 3987 1686 4046 Choro
1696 4001 1793 4044 autem
1807 4001 1916 4045 remoto
1926 4003 2012 4042 neuun

1272 4075 1419 4133 immutari
1434 4094 1550 4132 neccsse
1563 4075 1625 4132 luit.

1311 4163 1476 4222 Necessaria
1494 4180 1618 4240 persona
1633 4161 1778 4240 tragoedia
1801 4164 1855 4222 luit
1874 4161 2012 4220 Androna-

1272 4250 1344 4322 cha,
1366 4251 1487 4308 fortasse
1503 4247 1640 4320 Hecuba,
1662 4250 1836 4327 Talthybius
1850 4269 1947 4331 preco,
1969 4245 2010 4302 dr·

1272 4338 1340 4397 iude
1354 4338 1472 4410 Ulixes,
1484 4337 1534 4415 qni
1548 4337 1676 4396 omnium
1689 4339 1812 4398 maxime
1837 4335 2010 4397 mirabatur,

1272 4438 1304 4484 ut
1319 4433 1464 4502 Astyanax
1478 4425 1676 4502 perimeretur.
1691 4431 1792 4504 Neque
1805 4424 1964 4485 incredibile
1976 4437 2009 4476 est

1270 4516 1355 4572 etiarn
1371 4512 1606 4592 Neoptolemum,
1620 4513 1670 4590 qui
1685 4519 1860 4592 Astyanacta
1871 4510 2010 4572 interiecit,

1269 4601 1465 4660 introductum
1486 4601 1595 4673 luisse,
1619 4601 1664 4659 cui
1689 4621 1764 4661 nnus
1788 4621 1886 4660 vesus
1906 4601 2011 4658 tonsor

1270 4689 1457 4749 vindicandus
1477 4701 1528 4747 est
1554 4689 1668 4748 Chorus
1689 4691 1746 4748 luit
1770 4691 1960 4767 captivarunt,
1983 4697 2009 4738 ιιι

1269 4799 1374 4838 nomen
1395 4777 1594 4858 Alypaluridtc
1609 4777 1704 4836 docet.
1715 4781 1777 4838 Has
1788 4775 1922 4854 trojanas
1933 4773 2010 4832 luisse

1269 4869 1348 4926 locus
1369 4865 1504 4942 Hesychii
1526 4865 1629 4937 docet,
1654 4866 1734 4944 qnod
1761 4865 1884 4924 barbam
1904 4861 2008 4920 nomine

1261 4949 1385 5012 'Grecos
1404 4953 1550 5031 appellant
1571 4976 1578 5012 r
1596 4953 1678 5032 [155]
1697 4952 1834 5013 ιἹαννοι
1854 4953 1880 5010 is
1898 4949 1944 5026 pir
1961 4948 2005 5004 Ai-

1267 5039 1416 5121 χμιιλωτίσι
1438 5039 1599 5121 Σοφοκλέους
1626 5039 1757 5100 irrideant
1781 5037 1935 5110 Ἑλληνική·
1955 5035 2003 5090 ἔπι

1266 5129 1370 5196 'laurea
1383 5125 1441 5192 roba
1454 5127 1588 5201 Ἕλληνας
1599 5127 1729 5205 λέγουσιν.

1268 5213 1273 5222 ’
1307 5221 1349 5275 Ile
1362 5217 1572 5294 compositione
1582 5215 1652 5274 nihil
1666 5229 1766 5274 notum
1778 5227 1829 5274 est.
1843 5212 1952 5276 Videtur
1964 5219 1999 5261 ta-

1266 5324 1331 5363 meo
1347 5304 1429 5362 initio
1449 5325 1464 5361 a
1479 5316 1565 5382 poeta
1581 5303 1745 5382 expositum
1762 5323 1824 5362 esse
1841 5320 1893 5359 oon
1912 5311 1998 5356 onmes

1265 5398 1382 5450 Graecos
1401 5391 1577 5450 consensisse
1600 5391 1629 5448 in
1652 5391 1810 5450 occidendo
1827 5395 1998 5462 Astyanacte.

1264 5481 1487 5558 Neoptolemum
1503 5491 1595 5538 autern
1606 5479 1676 5538 illud
1689 5479 1852 5557 postulasse.
1864 5477 1919 5534 Huc
1934 5473 1996 5526 relc-
