4567 6425
796 687 1005 749 SOPHOCLlS
1028 688 1277 755 FRAGMENTA.

253 818 344 876 silium
362 816 590 896 adjuvit,donec
601 819 661 877 haec
675 820 748 880 lilios
765 840 802 880 ex
820 822 871 881 illo
890 844 958 882 vase
969 843 1010 881 re·

253 907 394 982 cognorit,
408 926 468 984 quo
477 908 546 965 olim
556 921 638 965 erant
648 909 779 986 expositi.
788 912 878 969 hlultn
888 912 951 970 sine
960 912 1011 970 du-

255 994 301 1053 bio
311 996 347 1053 de
356 994 475 1054 eodicta
483 1008 562 1071 sunt,
573 998 858 1076 utexhristophanis
867 1000 1010 1071 versibus,

252 1103 419 1162 quossupra
436 1085 602 1163 posuimus,
618 1086 809 1163 cognoscitur.
831 1092 876 1146 lta
895 1089 1009 1158 iratres,

252 1171 328 1247 qood
350 1172 423 1249 ipsis
444 1172 605 1249 periculum
626 1172 760 1243 instaret,
780 1178 919 1235 certiores
941 1178 1011 1236 lacti

252 1260 351 1318 sidero
362 1258 512 1320 occidunt.

288 1349 392 1408 Odium
413 1368 546 1406 noverea·
564 1349 686 1413 fortasse
699 1351 791 1428 glossa
810 1354 948 1429 Hesychii
965 1357 1011 1413 in-

250 1435 324 1492 dicat
343 1435 426 1513 [ast]
447 1462 459 1486 ι
473 1433 583 1515 ἔχθιμα,
595 1462 608 1487 ν
622 1436 771 1514 μισήματα.
785 1440 818 1499 Σ.
833 1442 924 1522 Τυροῖ.
940 1444 1009 1503 Cod.

251 1525 385 1600 rapinem
398 1524 519 1600 (lterum
534 1524 620 1602 hujus
630 1524 733 1584 habola.
748 1529 846 1586 titulos
856 1543 1010 1609 corruptus

251 1612 361 1670 ridetur
374 1614 404 1671 in
417 1613 471 1671 hac
491 1612 619 1691 ejusdem
635 1616 673 1693 gl.
692 1637 699 1673 ε
717 1617 959 1697 αΙΙαρπομανής,ι
974 1622 1009 1687 εἶς

250 1699 321 1779 κόρον
348 1699 526 1781 ἰξυὸρῖζουοα.
551 1703 618 1783 Σορ.
637 1702 752 1781 rupilio
774 1706 859 1785 (sic).)
893 1710 1009 1784 Tyrone

250 1802 341 1846 autem
350 1803 505 1847 excusante
515 1789 595 1867 quod
611 1809 716 1866 pueros
728 1792 797 1851 olim
812 1795 946 1853 occidere
955 1816 1008 1854 vo-

250 1878 348 1947 luerit,
368 1876 563 1955 respondetur
582 1878 677 1957 (Srnb.
693 1886 850 1959 XLV1,6):

250 2014 328 2099 l³⁶²l
339 1997 427 2081 Ᾰιιων
438 2006 468 2081 δ’
479 2016 624 2107 ἁμαρτὼν
637 2019 720 2096 οιῖτις
733 2019 897 2113 ἀνθρώπων
903 2026 1007 2103 κακός.

250 2170 366 2227 l'idetur
394 2170 519 2229 nuncius
545 2170 664 2230 sideriis
691 2174 795 2233 eedem
823 2182 1007 2258 exposuisse3

251 2258 347 2315 deinde
373 2259 542 2318 Salmoneus
567 2260 719 2337 indignans
742 2262 947 2340 intervenisse,
975 2284 1007 2329 ut

250 2346 397 2405 vindictam
418 2359 545 2405 sumeret
566 2348 603 2406 de
623 2352 802 2429 peregrinis,
818 2356 868 2431 qui
884 2359 1008 2417 comiter

250 2435 354 2512 recepti
385 2448 496 2493 tanturn
533 2436 643 2498 lacinus
666 2441 872 2501 commiserint.
903 2446 1007 2503 Athen.

250 2524 296 2594 ΙΙΙ,
313 2542 343 2598 p.
355 2544 404 2599 99,
415 2527 455 2581 F:
470 2524 607 2605 Σοροκλῆς
620 2549 649 2585 τε
663 2528 690 2585 ἓν
705 2530 806 2609 Τυροῖ·

249 2663 325 2741 [tea]
340 2659 456 2726 Σίτοισι
472 2662 689 2755 παγχόρτοισιν
707 2657 882 2758 ἐξενίζομεν.

250 2804 380 2883 ldemque
396 2805 546 2865 Arheuaeas
556 2812 616 2879 Xl,
640 2828 670 2887 p.
695 2809 763 2882 475,
778 2818 821 2869 A:
838 2812 1006 2889 Μνημονεύει

250 2890 336 2951 tiene
349 2894 504 2973 ααρχησΙοιν
516 2894 564 2953 καὶ
576 2896 715 2977 Σοροιιλῆς
726 2899 823 2979 Τυροῖ·

530 3032 613 3116 [aaa]
639 3034 816 3123 Προστῆναι
832 3036 925 3123 μέσην

350 3136 502 3235 τράπεζαν
517 3142 595 3236 cippi
610 3150 683 3210 σῖτα
696 3146 748 3213 καὶ
763 3153 924 3240 καρχήσια·

249 3291 306 3370 πρὸς
327 3291 378 3363 πλν
397 3293 530 3373 τράπεζαν
556 3293 664 3374 φάσκων
697 3293 922 3374 προσεληλυθέναι
945 3295 1005 3367 τὼς

250 3379 384 3456 δράκοντας
398 3381 443 3438 καὶ
455 3379 575 3459 γενέσθαι
587 3379 694 3460 περὶτὰ
707 3381 778 3441 rarle
794 3382 884 3442 καὶτὰ
900 3384 1005 3466 καρχή-

250 3489 296 3524 σια.
316 3468 435 3544 (Eadem
447 3469 633 3546 proferuntur
644 3490 691 3546 ap.
703 3471 884 3530 Macrobium
897 3476 955 3531 Sat.
968 3477 1004 3546 V,

250 3565 301 3626 ar.)
313 3559 480 3616 Welclxerus
501 3559 640 3617 dracones
659 3559 818 3633 intellexit,
837 3563 889 3639 qui
907 3581 1002 3622 carce·

250 3665 315 3716 rem,
329 3667 389 3725 qun
407 3651 486 3723 Tyro
499 3647 585 3706 lexerit
602 3660 712 3706 retenta
726 3649 880 3707 risitarint.
899 3651 1004 3708 Nescio

249 3757 279 3790 an
292 3757 349 3792 non
371 3749 457 3794 recte.
476 3739 540 3793 Hoc
557 3748 668 3794 veteres
680 3736 912 3797 auxiliunradiis
932 3742 1003 3798 nris-

249 3845 302 3881 omr
315 3825 491 3882 habuissent.
510 3823 654 3883 Videntur
672 3825 812 3884 dracones
830 3829 1002 3906 poculorum

250 3915 286 3968 rel
298 3915 360 3990 ipsa
374 3913 479 3991 pocula
490 3913 620 3990 intelligi.
631 3915 755 3992 Etymol.
765 3919 806 3972 Μ.
821 3936 849 3993 p.
865 3925 932 3989 747,
947 3925 1002 3994 49ε

249 3997 343 4080 {³64⁹}
361 4030 373 4052 a
385 4001 599 4082 Ταυροράγον,ι
618 4001 662 4060 τὸν
676 4001 808 4062 Διόνυσον.
825 4005 890 4084 Σορ.
903 4007 930 4062 ἐν
943 4005 1002 4063 Τν-

249 4095 293 4162 poi·
307 4087 347 4146 in
359 4097 414 4154 τοῖς
432 4089 477 4147 τὸν
489 4087 648 4170 διθύραμθον
667 4092 788 4160 νικήσασι
805 4093 864 4168 βοῦς
887 4091 1002 4151 ἐδίδοτο·

248 4175 312 4244 ἦτον
323 4178 461 4252 ὠμηστήν.
480 4177 572 4254 (Cous.
583 4177 673 4234 schol.
685 4178 835 4254 hristnph.
849 4185 919 4236 Rau.
934 4181 1001 4249 360,

250 4265 321 4324 l'hot.
334 4286 362 4342 p.
372 4267 439 4336 571,
456 4269 500 4338 13,
516 4279 545 4322 et
554 4265 633 4324 Suid.
646 4265 708 4322 ead.
717 4266 753 4340 ν.)
767 4266 825 4324 Sed
833 4267 1000 4344 priusquam

248 4352 353 4424 cedern,
368 4373 455 4431 quam
470 4355 624 4412 meditatus
633 4367 691 4424 est,
702 4356 880 4430 exsequitur,
900 4355 1002 4414 iratres

248 4438 453 4514 numenium,
473 4461 598 4519 quorum
617 4462 692 4500 unus
707 4444 861 4501 Salmoneo
881 4445 1001 4504 rrroltum

247 4532 371 4601 querenti
394 4530 551 4609 respondet
578 4529 657 4608 quod
682 4543 728 4589 est
751 4531 830 4610 apud
853 4530 1001 4592 Stoboeum

248 4620 315 4687 ctx,
331 4639 349 4674 a
365 4640 373 4676 t
393 4617 557 4698 Σοφοκλέους
568 4619 652 4698 ’Τυροῖ
662 4616 696 4696 β’.

249 4769 322 4851 [tua]
334 4769 389 4837 Mil
395 4775 497 4860 σπεῖρε
510 4774 635 4847 πολλοῖς
643 4771 694 4836 τὸν
705 4770 844 4860 παρόντα
857 4761 999 4860 δαίμονα·

331 4887 496 4978 σινόμενος
512 4884 570 4978 γάρ
584 4887 650 4952 ἐστι
666 4885 832 4976 θρηνεῖσθαι
849 4886 982 4978 πρέπων.

276 5158 407 5220 Smcetux
418 5161 500 5220 docet
511 5089 650 5220 omniqaeq.
658 5165 789 5236 temporis
800 5165 955 5238 longitudo.

294 5320 398 5378 Inritus
407 5321 502 5394 lapsus
512 5249 762 5380 uendiderunt
775 5323 866 5380 malus
877 5332 929 5380 ast.

346 5479 421 5538 Cibis
434 5481 555 5553 cujusvis
567 5407 673 5554 gilles
684 5481 849 5556 excepimus.

1770 718 1824 769 att

1065 825 1202 885 Deindea
1214 828 1369 888 Salmonea
1383 828 1578 893 adolescentes
1591 835 1644 893 hoc
1657 836 1722 915 ipso
1732 840 1825 899 οιιΙΙο-

1063 914 1133 989 quio
1143 916 1232 993 agniti
1249 936 1311 975 esse
1331 918 1465 977 videntur
1480 920 1628 1001 domoque
1642 928 1751 1005 recepti
1767 948 1826 987 nou

1063 1002 1186 1078 amplius
1206 1002 1338 1063 obstante
1355 1006 1459 1066 Sidera
1472 1030 1606 1083 noverca,
1619 1035 1683 1091 quae
1698 1018 1826 1073 omnium
1870 1044 1874 1051 ·

1063 1107 1120 1146 una
1133 1090 1164 1148 in
1183 1110 1268 1149 causa
1286 1093 1355 1167 luit,
1372 1096 1452 1173 ‹prod
1467 1102 1545 1173 Tyro
1562 1110 1618 1160 tam
1635 1104 1792 1161 cnrdeliter
1809 1126 1825 1161 a

1062 1187 1145 1249 patre
1162 1176 1328 1239 baberetur.
1340 1183 1437 1241 Schnl.
1457 1190 1525 1247 Eur.
1543 1188 1578 1245 ad
1593 1195 1689 1249 Orest.
1703 1192 1733 1249 in
1751 1194 1824 1249 hnc:

1063 1258 1117 1319 Kal
1130 1263 1158 1320 Ιν
1174 1266 1258 1347 Τυροῖ
1272 1269 1436 1348 Σοροκλίους
1451 1274 1640 1356 ἀναγνώρισμα
1658 1282 1727 1338 κατὰ
1740 1280 1770 1337 τὸ
1783 1282 1825 1337 τὲ-

1060 1348 1106 1413 λος
1116 1349 1241 1429 γίγνεται.

1391 1482 1520 1501 *-

1355 1582 1534 1645 eflutxtJS.

1101 1728 1191 1786 Valde
1208 1728 1329 1787 obscura
1343 1745 1410 1789 sum
1422 1752 1485 1809 quae
1501 1732 1537 1791 de
1550 1734 1658 1793 Phrixo
1674 1732 1827 1813 perhiben-

1062 1828 1124 1887 tur,
1147 1838 1240 1895 neque
1264 1818 1349 1877 facile
1370 1820 1543 1899 intelligitur
1560 1842 1688 1899 quaenam
1714 1843 1757 1880 res
1779 1823 1825 1880 illa

1062 1904 1159 1975 suerit,
1169 1924 1234 1982 quae
1245 1918 1359 1981 poetam
1371 1907 1516 1967 induxerit
1528 1910 1564 1967 ad
1575 1910 1755 1970 scribendam
1768 1924 1826 1968 tra-

1061 1992 1196 2069 goediam.
1209 1998 1253 2052 Nc
1271 1993 1300 2051 id
1318 1994 1434 2071 quidem
1448 2009 1578 2070 constat,
1596 2012 1692 2057 utrum
1707 1998 1825 2076 Sopho·

1060 2082 1118 2139 cles
1135 2100 1180 2139 res
1194 2082 1241 2159 agi
1260 2082 1374 2141 Colchis
1388 2104 1424 2139 an
1445 2084 1476 2142 in
1491 2088 1602 2145 Graecia
1621 2088 1729 2146 lecerit.
1745 2087 1826 2147 Ulri·

1059 2169 1142 2227 chius
1164 2169 1282 2247 quidem
1311 2190 1371 2227 reru
1398 2183 1487 2229 totum
1512 2174 1636 2233 Colchos
1664 2176 1826 2245 transtulit,

1060 2258 1128 2334 quia
1143 2256 1304 2335 periculum
1318 2258 1417 2317 Phrixi
1432 2262 1616 2340 servatioque'
1628 2262 1773 2341 descripta
1789 2264 1826 2321 sit

1060 2346 1090 2403 in
1103 2346 1294 2420 Athamante,
1309 2366 1404 2425 neque
1422 2361 1536 2426 poetam
1551 2351 1671 2409 eandem
1693 2372 1752 2410 reru
1767 2353 1822 2410 alia

1060 2453 1179 2512 quoque
1194 2433 1332 2512 tragredia
1352 2436 1519 2514 exposuisse
1539 2452 1630 2515 putat,
1648 2440 1825 2517 eandemque

1059 2520 1097 2579 ab
1120 2540 1235 2579 causam
1259 2540 1384 2598 versum,
1407 2526 1457 2601 qui
1483 2525 1562 2583 inter
1589 2548 1732 2606 perpauca
1763 2531 1825 2588 ira·-

1059 2622 1174 2687 gmenta
1195 2622 1326 2667 servatus
1347 2610 1395 2681 sit,
1416 2613 1452 2670 ad
1473 2616 1682 2691 narrationem,
1703 2637 1759 2694 qua
1782 2617 1824 2675 illi

1059 2701 1167 2776 quaein
1192 2698 1295 2756 itinere
1313 2699 1471 2759 acciderint
1488 2717 1672 2781 exponantur
1694 2705 1823 2763 reseren-

1059 2787 1128 2844 rlum
1150 2788 1198 2844 ait.
1219 2790 1309 2844 Recte
1321 2800 1417 2845 autem
1433 2789 1595 2849 Welclterus
1610 2794 1733 2850 affirmat
1755 2794 1823 2851 nul-

1058 2874 1118 2932 lum
1141 2876 1246 2933 lactum
1272 2873 1371 2933 Phrixi
1394 2878 1533 2953 tragoedia
1556 2880 1673 2957 dignum
1695 2893 1823 2951 exstare;

1058 2964 1197 3041 quocirca
1218 2963 1339 3041 intelligi
1354 2984 1412 3022 nou
1427 2985 1525 3042 posse,
1539 2988 1604 3045 quae
1618 2988 1703 3027 causa
1726 2968 1824 3039 luerit,

1058 3071 1112 3107 cur
1138 3062 1224 3128 poeta
1249 3050 1334 3109 talem
1359 3051 1483 3111 habolam
1510 3054 1707 3132 composuerit
1730 3057 1823 3113 versi-

1059 3138 1171 3218 busque
1189 3139 1346 3197 exornarit.
1361 3140 1556 3218 Apollodorus
1572 3148 1595 3216 Ι,
1610 3166 1639 3222 9,
1664 3164 1691 3214 x,
1709 3162 1823 3201 memo-

1058 3231 1109 3288 riae
1122 3227 1251 3306 prodidit
1266 3228 1339 3286 lame
1351 3243 1451 3287 exorta
1464 3229 1492 3288 in
1506 3233 1613 3290 Boeotia
1622 3231 1821 3291 Athamantem

1058 3337 1094 3375 ex
1116 3317 1227 3375 oraculi
1255 3336 1396 3394 responso
1418 3331 1549 3376 coactum
1571 3319 1709 3378 Phrixum
1732 3321 1822 3378 hliuni

1058 3408 1244 3474 sacrificasse,
1254 3405 1304 3462 sed
1314 3419 1446 3482 ereptum
1462 3425 1478 3462 a
1489 3408 1619 3482 Nephele
1634 3421 1724 3466 matre
1736 3430 1824 3466 arrreo

1058 3496 1149 3552 ariete
1164 3513 1216 3572 per
1231 3513 1309 3551 orare
1325 3513 1390 3551 cum
1405 3495 1486 3553 Helle
1497 3516 1607 3568 sorore,
1624 3516 1689 3573 quae
1703 3497 1817 3554 Helles-

1058 3595 1160 3660 ponto,
1173 3602 1232 3659 quo
1246 3581 1377 3658 perierit,
1388 3603 1492 3642 nomen
1508 3584 1686 3662 imposuerit,
1699 3585 1821 3644 Colchos

1057 3669 1177 3742 abiisse,
1195 3668 1293 3747 ibique
1316 3668 1353 3726 ab
1368 3673 1451 3728 AEeta
1466 3687 1613 3748 receptum
1633 3672 1819 3750 Chalciopnru

1057 3758 1086 3814 in
1108 3755 1328 3814 matrimonium
1357 3755 1473 3816 duxisse
1504 3773 1686 3837 quatuorque
1714 3759 1821 3816 liberos

1056 3845 1227 3924 suscepisse.
1250 3845 1356 3902 Eadem
1378 3846 1438 3903 fere
1451 3849 1623 3926 Apollonius
1640 3851 1687 3923 ll,
1704 3857 1818 3922 ulp-m

1060 3936 1134 3992 1156
1152 3932 1295 4011 hujusque
1312 3932 1401 3990 schol.
1424 3938 1460 4006 ll,
1491 3937 1573 3993 1123.
1593 3935 1693 3994 Phrixi
1709 3955 1783 3992 uxor
1805 3957 1820 3994 a

1056 4020 1227 4099 quibusdam
1243 4020 1393 4098 lophossa,
1408 4020 1445 4079 ab
1457 4023 1519 4080 aliis
1531 4021 1640 4082 Euenia
1652 4035 1754 4080 vocata
1764 4037 1817 4081 est.

1057 4112 1148 4170 Boeoti
1171 4111 1331 4168 retulerunt
1351 4110 1486 4168 Phrixum
1509 4113 1554 4170 rel
1581 4111 1767 4172 Presbonteur
1785 4111 1820 4170 fi-

1057 4201 1126 4257 liurn
1141 4199 1171 4256 in
1189 4200 1309 4276 patriam
1325 4199 1445 4257 rediisse
1458 4205 1541 4258 Paus.
1555 4205 1609 4272 ΙΙΙ,
1625 4201 1672 4272 34,
1688 4199 1714 4257 5.
1731 4202 1820 4259 Paulo

1056 4288 1168 4345 diversa
1190 4299 1256 4344 sunt
1274 4307 1339 4364 quae
1355 4287 1490 4363 leguntur
1503 4288 1580 4366 apud
1590 4291 1736 4366 Hyginum
1749 4290 1818 4350 Fab.

1055 4379 1116 4434 111:
1130 4376 1268 4432 averitus
1279 4387 1322 4432 est
1331 4379 1423 4448 AEeta,
1437 4396 1473 4433 ne
1482 4396 1512 4434 se
1522 4397 1612 4454 reguo
1626 4377 1762 4454 ejicerent
1775 4377 1821 4454 (li-

1055 4463 1117 4522 beri
1132 4463 1260 4540 Phrixi),
1275 4463 1354 4540 quod
1368 4465 1394 4520 ei
1410 4484 1579 4543 responsum
1594 4479 1654 4522 erat
1669 4486 1703 4524 ex
1717 4467 1818 4544 prndi-

1055 4553 1125 4630 giis,
1136 4552 1175 4610 ab
1189 4551 1299 4610 advena
1315 4552 1390 4609 AEnli
1405 4553 1464 4610 lilio
1480 4567 1601 4610 mortem
1616 4567 1739 4612 rareret.
1755 4558 1818 4612 lta·
1892 4605 1895 4612 .

1055 4659 1113 4715 que
1135 4640 1272 4698 Phrixum
1297 4639 1449 4698 interfecit.
1479 4643 1588 4699 attilii
1619 4643 1681 4718 ejus
1712 4649 1818 4716 Argus,

1056 4728 1205 4798 Phrontis,
1228 4729 1330 4796 Melas,
1348 4728 1501 4804 Cylindrus
1521 4731 1548 4786 in
1572 4743 1660 4788 ratem
1677 4749 1817 4786 conscen-

1055 4816 1177 4889 derunt,
1202 4829 1233 4874 ut
1253 4816 1289 4874 ad
1316 4837 1400 4874 avum
1426 4817 1627 4875 Athamantem
1654 4817 1819 4878 transirent.

1058 4908 1119 4964 uos
1133 4895 1228 4977 lasou,
1241 4925 1331 4983 quum
1359 4904 1460 4982 pellem
1474 4917 1599 4985 peteret,
1619 4905 1770 4983 naufragos
1783 4924 1818 4966 ex

1391 5093 1504 5222 slis.
1518 5163 1554 5221 aa
1568 5163 1686 5222 mnam
1752 5139 1764 5164 ⁸

1197 5257 1318 5300 menum
1335 5243 1405 5300 circa
1417 5243 1495 5300 cibos
1505 5251 1533 5300 et
1543 5243 1650 5316 pocula.

1056 5404 1097 5458 Ne
1103 5417 1200 5474 sparge
1210 5389 1247 5457 ad
1255 5401 1357 5457 multos
1364 5329 1512 5466 lorblirirm,
1525 5417 1586 5474 qna
1595 5403 1643 5459 tibi
1654 5403 1815 5475 surpervenit.

1054 5480 1180 5537 Tacitum
1193 5481 1265 5538 enim
1281 5489 1307 5536 te
1318 5479 1397 5538 decet
1408 5479 1509 5552 lugere.
