4567 6425
454 710 509 762 rut

445 839 554 913 ubique
566 832 726 913 argumenti
738 833 859 891 affinitas
872 832 1071 890 intercesserit.
1087 832 1143 888 Alii
1157 832 1211 887 ali-

448 938 491 979 ter
504 922 681 999 judicarunt.
697 926 745 979 Est
762 942 831 977 vcro
851 940 895 979 res
916 920 945 977 in
958 918 1122 997 judicandis
1135 919 1211 976 anti-

445 1031 566 1087 quarum
582 1010 781 1085 tragoediarum
797 1008 971 1085 argumentis
986 1007 1160 1084 gravissima.

486 1102 528 1156 Ac
548 1098 843 1173 lPelcker·1rsquirlenr
863 1116 985 1173 pugnam
998 1097 1210 1160 Himerensem,

444 1206 502 1261 qua
527 1187 603 1243 Gelo
636 1190 878 1261 Syracusanorum
907 1206 958 1243 rex
990 1184 1211 1258 Karthaginien-

402 1318 404 1325 ,
443 1294 489 1331 ses
502 1274 660 1351 superarit,
675 1296 689 1331 a
704 1287 787 1348 pocta
804 1273 941 1330 celebrari
964 1272 1052 1341 dixit3
1066 1276 1210 1329 Herman-

445 1382 499 1419 nas
512 1364 596 1420 valde
608 1382 669 1419 sese
681 1361 851 1419 addubitare
864 1362 935 1419 hanc
949 1361 1087 1417 ll'elclseri
1098 1372 1210 1417 senten·

446 1450 512 1507 tiam
525 1450 833 1526 allirmaritmultoque
844 1470 904 1505 esse
917 1447 1082 1505 credibilius
1093 1467 1211 1523 prorsus

444 1538 520 1595 aliud
537 1552 736 1615 argumentum
752 1557 812 1594 esse
829 1557 845 1593 a
860 1548 945 1613 poeta
966 1536 1136 1615 expositum.
1152 1539 1209 1593 Fa-

445 1626 562 1684 tendum
588 1639 631 1683 est
654 1627 803 1703 prolecto,
830 1625 1010 1701 fragmentis,
1036 1644 1099 1701 quae
1124 1622 1210 1680 hodie

445 1728 614 1791 supersunt,
627 1715 856 1772 nonconlirmari
873 1714 1012 1771 Welckeri
1030 1714 1210 1780 senteutiam,

443 1814 472 1859 et
490 1804 511 1859 si
528 1804 651 1861 Glaucus
672 1826 687 1860 a
710 1802 880 1879 quibusdam
897 1816 975 1859 rates
998 1801 1167 1879 perhibetur
1182 1814 1211 1857 et

444 1890 566 1963 Phineus
577 1892 660 1948 etiam
677 1904 754 1948 rates
766 1891 881 1961 dicitur,
897 1892 996 1967 prinrae
1007 1889 1151 1966 tragoediae
1164 1910 1211 1947 ra·

445 1980 639 2035 ticinationem
655 1979 819 2052 convenire,
842 1999 900 2035 non
923 1992 1081 2056 postrema.
1101 1978 1159 2035 Sed
1174 1978 1210 2036 de

445 2064 1209 2143 hisrehuspaulloampliusposteaeritdisputandunr.

484 2160 587 2213 Totam
603 2156 778 2231 tetralogiam
794 2158 895 2211 Persas
910 2166 1038 2210 voratam
1057 2174 1118 2210 csse
1130 2154 1211 2210 valde

444 2243 584 2300 credibile
597 2256 650 2301 est.
662 2249 698 2301 Et
711 2254 973 2300 commemorantur
983 2242 1041 2298 duo
1053 2242 1211 2318 fragmenta

444 2352 479 2387 es
496 2332 623 2407 AEsclryli
638 2332 746 2396 Persis,
767 2332 888 2389 alterum
903 2330 940 2387 ab
964 2332 1097 2388 Athenaeo
1112 2332 1165 2401 Ill,
1180 2350 1209 2407 p.

445 2420 493 2486 86,
509 2424 545 2487 B,
562 2420 601 2484 τίς
622 2418 712 2499 ἀνῄρει
732 2416 777 2484 τὰς
800 2417 891 2493 νήσους
906 2418 1107 2499 ἀναριτρόρους,
1133 2418 1211 2495 quod

446 2521 597 2585 postquam
619 2510 698 2566 varie
721 2522 882 2565 correctum
908 2522 950 2567 est
971 2530 985 2565 a
1012 2510 1079 2565 viris
1101 2509 1210 2581 doctis,

448 2599 610 2653 Hermanno
623 2598 660 2654 ita
678 2595 715 2653 ab
730 2596 865 2673 AEschyle
885 2596 1025 2673 scripturn
1039 2594 1210 2653 ridebatur:

370 2734 374 2749 ,
445 2683 508 2760 [82]
522 2682 651 2763 Αἰσχύλος
666 2682 693 2742 δὲ
706 2686 731 2741 ἐν
746 2684 862 2766 Πέρσαις
874 2682 919 2749 τὰς
932 2684 1023 2755 νήσους
1035 2710 1047 2734 r
1060 2680 1211 2761 νηριτοτρό-

444 2794 529 2851 ραυςυ
552 2770 668 2851 εἴρηκεν,
682 2772 804 2831 alterum
826 2774 855 2829 in
873 2773 991 2829 Belleri
1008 2771 1165 2828 Anecdotis
1180 2791 1209 2847 p.

449 2862 520 2931 ro7fl
542 2863 685 2938 reperitur
698 2862 727 2919 in
745 2862 819 2919 hunc
835 2861 951 2919 modum
970 2862 1109 2937 scripturn
1125 2883 1131 2915 ε
1147 2860 1210 2937 [83]

444 2946 576 3027 (Ιιρόνιχος
591 2951 616 3006 ἐν
631 2954 664 3027 τῇ
679 2954 816 3030 σοριστικῇ
829 2952 982 3029 παρασκευῇ
995 2946 1167 3027 παρατίθεται
1181 2949 1211 3004 τὸ

444 3061 455 3083 r
467 3034 610 3101 ὑπόξυλος»
621 3036 707 3115 ῥήτωρ
720 3036 764 3093 καὶ
775 3035 897 3106 ποιητής·
906 3034 1008 3115 εἴρηται
1023 3032 1064 3105 δέ,
1075 3033 1150 3115 quel,
1160 3058 1210 3110 με-

444 3126 590 3201 ταφορικῶς
612 3122 664 3180 ἀπὸ
681 3126 732 3180 τῶν
753 3124 783 3179 ἐκ
802 3120 875 3189 ξύλου
888 3126 1003 3189 catedra,
1028 3113 1065 3185 οἷς
1084 3124 1210 3191 ἐπιπολῆς

445 3208 604 3278 testatam
619 3206 736 3290 ἄργυρος.
750 3213 844 3268 Κιῖται
858 3206 884 3267 δέ
899 3208 942 3268 ἐπὶ
956 3213 1007 3267 τῶν
1019 3210 1147 3290 λαμπρῶν
1161 3207 1209 3287 μὲν

444 3293 537 3363 ἔξωθεν
550 3296 595 3355 καὶ
608 3299 740 3370 ἐπιεικῶν,
753 3301 873 3378 πονηρῶν
896 3296 923 3356 δὲ
940 3297 972 3356 τὰ
985 3297 1065 3356 ἔνδον.
1082 3297 1211 3377 Αἰσχύλος

445 3383 472 3441 ἒν
489 3382 604 3465 Πέρσαις
618 3381 750 3462 μέμνηται
760 3407 784 3443 κ.
795 3409 819 3442 τ.
836 3409 862 3443 α.
874 3389 940 3444 Haec
953 3388 1109 3463 fragmenta
1123 3388 1211 3444 hodie

446 3491 503 3528 rron
511 3473 696 3550 reperiuntur
704 3474 731 3530 in
743 3473 790 3531 illa
801 3475 938 3552 tragoedia
948 3495 1041 3552 neque
1051 3477 1210 3532 ullusloens

444 3572 551 3631 exstat,
561 3560 598 3618 ad
610 3581 696 3638 quern
707 3581 773 3619 cum
783 3563 879 3638 aliqua
889 3565 948 3620 reri
962 3565 1148 3621 similitudine
1164 3584 1209 3620 re-

446 3649 581 3707 serantur.
592 3653 773 3710 Hermannus
782 3651 896 3727 quidem
904 3652 1024 3709 alterum
1035 3654 1127 3729 voluit
1136 3652 1211 3708 inse-

446 3757 509 3795 rere
524 3757 551 3795 r.
572 3741 629 3794 683
652 3737 707 3794 hoc
722 3738 807 3796 modo
822 3761 828 3794 r

743 3843 811 3904 Τίνα
822 3842 896 3910 πόλις
906 3853 980 3904 πονεῖ
991 3843 1084 3918 πόνους

524 3941 693 4011 ἀληθοπινθεῑ
706 3939 728 3997 δ’
740 3940 793 3997 οὐδ’
806 3937 926 4019 ὓποξύλῳ
939 3937 993 4020 γόῳ

526 4027 609 4086 στένει
623 4029 750 4086 κέκοπται
765 4027 808 4084 καὶ
820 4028 982 4108 χαράσσεται
993 4025 1082 4085 πέδον.

447 4151 481 4204 Ει
493 4148 612 4204 alterurn
631 4169 657 4205 ν.
676 4151 755 4221 918:

525 4259 651 4340 Ὧρελιν,
665 4249 687 4316 ὦ
699 4261 765 4326 Ζεῦ,
781 4257 849 4336 κάμέ
863 4259 920 4336 μετ’
931 4259 1031 4338 ἀνδρῶν

565 4351 616 4404 τῶν
627 4345 771 4424 οἰχομένων

527 4435 586 4516 περί
597 4457 647 4491 που
661 4457 754 4504 νησους
765 4432 964 4515 νκριτοτρόρους

526 4523 637 4581 θανάτου
647 4521 714 4579 κατὰ
726 4531 805 4602 μοῖρα
820 4521 945 4602 καλύψαι.

446 4646 501 4703 Sed
513 4667 614 4703 rcrcor
624 4658 656 4701 ut
667 4665 764 4701 rerum
778 4645 889 4702 ridcrit.
905 4643 998 4701 Verba
1013 4643 1059 4700 illa
1071 4643 1152 4700 l'acile
1162 4655 1212 4700 aut

448 4735 476 4790 iu
492 4736 600 4792 Plriueo
619 4749 668 4791 ιιιιι
691 4735 801 4791 Glauco
826 4753 891 4790 suus
916 4735 992 4788 locos
1014 4730 1166 4804 habebant.
1182 4733 1211 4790 Si

448 4841 517 4878 rero
530 4823 598 4881 illud
612 4829 760 4880 Persarum
775 4842 878 4879 noureu
896 4821 948 4877 rori
971 4820 1122 4896 tetralogiae
1136 4819 1212 4876 indi-

449 4921 509 4966 uun
532 4911 602 4982 luit,
617 4932 674 4968 nou
696 4909 883 4968 dubitandum
901 4923 959 4976 est,
976 4909 1043 4984 quin
1060 4929 1211 4983 argumen-

449 5011 509 5056 tum
536 5011 658 5076 quatuor
689 4999 848 5058 fabularum
870 4997 1037 5054 continuum
1067 4998 1152 5056 suerit
1183 5011 1212 5054 et

449 5106 619 5144 connexum.

775 5243 881 5262 -*—

746 5343 914 5402 romeus

489 5493 584 5554 Prima
597 5507 730 5572 tragoema
744 5497 865 5556 Purueus
881 5507 950 5564 trnt,
962 5521 996 5557 cx
1009 5521 1064 5577 qua
1077 5502 1212 5580 exiguum

994 700 1171 761 AESCHYLI
1192 701 1437 761 FRAGMENTA.

1257 831 1445 908 fragmentum
1457 844 1601 890 serratum
1614 845 1657 891 est
1667 833 1769 890 solum.
1787 838 1885 910 ltaque
1900 834 2003 911 p'rnrsm

2076 2874 2077 2897 l

2076 3000 2077 3027 l

1254 919 1413 995 ignoratur,
1423 920 1493 996 quid
1502 921 1661 997 argumenti
1673 921 1767 977 lalurla
1778 922 1957 992 continuerit,
1966 941 2003 978 ne·

1255 1026 1312 1083 que
1325 1021 1420 1084 potest
1431 1008 1461 1065 id
1473 1009 1530 1065 ullo
1540 1009 1626 1065 moda
1639 1010 1693 1065 nisi
1707 1009 1871 1085 conjectura
1882 1007 2002 1084 indagari.

1255 1096 1377 1153 Phineus
1389 1098 1477 1173 igitur
1490 1117 1578 1173 quunr
1594 1110 1673 1153 sortes
1690 1097 1898 1175 perhiberetur,
1913 1116 2002 1165 cecus,

1254 1184 1291 1241 ab
1304 1186 1437 1263 Harpyiis
1450 1187 1523 1242 male
1541 1186 1681 1259 allectus,
1695 1206 1760 1263 quae
1773 1187 1869 1242 cibum
1889 1198 2003 1262 ereptum

1255 1273 1294 1329 illi
1305 1286 1455 1351 antequam
1466 1274 1501 1330 ad
1510 1294 1543 1337 os
1553 1273 1707 1331 admovere
1716 1286 1813 1351 posset
1824 1275 1904 1331 liedis
1916 1276 2005 1329 reatris

1254 1362 1443 1419 excrementis
1459 1362 1661 1439 inquinabant,
1677 1363 1813 1438 aquibus
1830 1360 1962 1418 liberatus
1972 1374 2004 1415 cst

1255 1469 1311 1527 ope
1325 1450 1447 1507 liliorum
1458 1456 1565 1521 Boreae,
1575 1450 1611 1506 ad
1623 1470 1688 1507 enm
1700 1450 1867 1507 Welciserus
1879 1462 1955 1525 putat
1965 1454 2006 1503 Ar-

1255 1550 1394 1612 gonautas
1409 1539 1538 1608 reuisse,
1551 1550 1584 1595 ιιι
1594 1538 1663 1615 ipsis
1676 1537 1800 1594 Colchos
1816 1538 2005 1614 proficiscenti-

1254 1623 1325 1696 bus,
1341 1646 1399 1701 quo
1414 1625 1451 1682 oh
1463 1641 1579 1703 accepta
1597 1625 1869 1706 beueliciagratrarn
1886 1626 2005 1690 referret,

1256 1714 1343 1769 totius
1357 1714 1466 1770 itineris
1475 1734 1590 1771 cursrnn
1606 1714 1737 1788 viamque
1747 1726 1916 1789 exponeret,
1931 1714 2007 1767 ricto-

1255 1803 1385 1877 riamque
1400 1823 1459 1879 ιμιο
1473 1802 1559 1859 modo
1582 1801 1696 1859 Colchis
1715 1802 1898 1857 consecuturi
1912 1814 2006 1864 emerat,

1254 1891 1419 1967 explicaret.
1443 1894 1544 1967 Itaque
1563 1889 1600 1945 ab
1620 1889 1757 1963 AEsehyln
1771 1889 1911 1946 Phineum
1927 1890 2007 1944 intur-

1255 1978 1371 2035 ductum
1385 1979 1440 2048 ait,
1454 1992 1485 2034 ut
1495 1979 1525 2034 in
1537 1977 1598 2054 ejus
1611 1997 1733 2055 persona
1746 1980 1837 2054 prima
1848 1976 1884 2033 de
1893 1974 2008 2033 barimis

1255 2080 1402 2143 reportata
1414 2067 1536 2123 victoria
1555 2066 1757 2123 celebraretur.
1772 2066 1914 2136 Quocirca
1932 2078 1958 2119 ut
1968 2064 2009 2139 ju-

1254 2166 1329 2210 stum
1361 2154 1501 2231 tragoediae
1532 2153 1673 2212 ambitum
1706 2153 1835 2230 expleret
1855 2154 2008 2227 AEsrlrylm,

1255 2241 1344 2297 multa
1363 2240 1399 2297 de
1414 2245 1563 2298 Persarum
1585 2240 1670 2298 rebus
1690 2242 1820 2297 immixta
1838 2262 1901 2299 esse
1913 2241 1974 2297 dicit
1987 2256 2010 2295 et

1253 2329 1385 2405 exposita
1399 2329 1485 2385 etiarn
1506 2331 1638 2401 oracula,
1661 2348 1725 2405 quae
1740 2328 1822 2386 Darii
1839 2330 2008 2386 simulacrum

1255 2417 1283 2471 in
1296 2416 1386 2472 Persis
1396 2420 1437 2492 (v.
1452 2417 1520 2491 739)
1531 2429 1744 2474 corruuemoret.
1753 2417 1865 2473 Deinde
1877 2419 2009 2493 negligen-

1255 2505 1324 2563 dum
1348 2526 1406 2562 non
1421 2526 1482 2563 esse
1497 2507 1551 2574 ait,
1568 2507 1721 2574 Phineum,
1738 2508 1868 2583 quamvis
1883 2508 1968 2563 multa
1981 2505 2012 2558 e«-

1254 2592 1316 2668 ejus
1330 2607 1396 2649 ertu
1411 2593 1628 2671 perhibeantur,
1642 2614 1679 2651 ex
1701 2596 1767 2652 Asia
1789 2614 1903 2672 semper
1918 2596 2011 2650 orina-

1255 2680 1322 2737 dum
1335 2681 1499 2759 perhiberi,
1516 2688 1628 2739 Persam
1637 2684 1810 2759 mythicum,
1822 2684 1870 2761 qni
1884 2696 2012 2757 tauquam

1255 2770 1327 2826 alter
1338 2770 1463 2828 Helenus
1473 2773 1566 2850 ipsum
1579 2774 1623 2830 sui
1641 2773 1741 2850 populi
1753 2773 1900 2830 interitum
1915 2772 2011 2827 ratici-

1255 2870 1347 2914 netur.
1360 2860 1463 2931 Filius,
1478 2861 1587 2937 inquit,
1609 2874 1651 2917 est
1666 2862 1808 2937 Agenoris
1827 2862 1870 2917 rel
1883 2858 2014 2917 Plurnicis
2076 2866 2077 2869 ’

1254 2946 1422 3021 Agenoridae
1430 2958 1459 3002 et
1470 2950 1634 3019 CassiopeS,
1646 2948 1757 3004 Belides
1768 2946 1846 3026 apud
1858 2948 2013 3021 Euripidem

1254 3046 1283 3091 et
1295 3034 1455 3111 Hyginum,
1466 3036 1554 3093 frater
1565 3036 1671 3113 Cephei
1685 3034 1844 3113 {Cephenes
1855 3036 1931 3112 apml
1944 3041 2015 3089 (aa
2076 3042 2077 3099 t

1254 3142 1303 3178 cos
1320 3128 1411 3179 Pcrsae
1433 3121 1502 3179 dicti
1524 3128 1617 3200 sunt),
1644 3122 1727 3200 cujus
1753 3114 1814 3180 lilia¹
1832 3122 2012 3181 Anah-emeda

1256 3223 1345 3266 nurter
1358 3211 1452 3268 Persei
1472 3210 1538 3283 l'uit,
1561 3233 1595 3268 ex
1612 3233 1672 3288 quo
1688 3219 1781 3269 Pcrsae
1792 3213 1848 3268 orti
1863 3225 1938 3268 suut.
1954 3216 2017 3268 um·

1255 3299 1437 3375 Wclckcrus‚
1456 3300 1486 3356 in
1502 3299 1742 3376 quibusmultum
1762 3298 1844 3358 dubii
1856 3311 1981 3357 remanet
1992 3309 2017 3352 ιι

1254 3385 1400 3464 ιμιοιιιοόο
1414 3386 1550 3445 idoneum
1566 3387 1713 3464 tragoediae
1724 3401 1924 3465 argumentum
1937 3387 2018 3444 litent
2076 3447 2077 3454 ς

1254 3485 1282 3529 et
1295 3475 1373 3550 quod
1390 3475 1505 3532 oracula
1520 3475 1585 3544 illa,
1599 3496 1663 3552 quae
1673 3475 1762 3553 dicit,
1775 3477 1879 3533 Graccis
1888 3489 1955 3532 srurt
1968 3496 2018 3530 es·

1255 3561 1362 3634 hibita,
1375 3583 1432 3619 non
1445 3564 1555 3634 Persis,
1569 3582 1627 3621 nou
1644 3566 1742 3622 Dario.
1762 3567 1905 3636 Quocirca
1920 3584 2017 3640 repro-

1254 3649 1347 3707 handa
1374 3671 1435 3708 esse
1451 3651 1593 3708 Welclreri
1612 3652 1752 3710 sententia
1765 3653 1880 3710 videtur
1890 3698 1899 3726 ,
1911 3653 2021 3726 aliaque

1255 3750 1322 3794 sunt
1334 3738 1521 3806 invenienda,
1542 3759 1608 3817 quae
1621 3740 1710 3816 magis
1724 3741 1878 3798 concinant
1892 3760 1959 3797 cum
1973 3740 2021 3800 iis,

1255 3847 1320 3903 quae
1329 3848 1364 3882 cx
1375 3829 1545 3903 antiquitate
1559 3827 1647 3884 relata
1661 3841 1737 3885 sunt.
1751 3828 1828 3900 Quid
1841 3828 1946 3908 igitur?
1959 3827 2022 3884 Phi·

1255 3934 1326 3971 neus
1340 3913 1410 3971 deus
1421 3915 1506 3972 luisse
1521 3913 1702 3992 perhibetur,
1715 3913 1750 3972 ad
1764 3920 1925 3994 Bosporum
1936 3913 2022 3971 habi·
2076 3959 2077 4020 ρ

1257 4014 1318 4059 tans
1335 4003 1510 4060 vaticinandi
1528 4003 1646 4081 peritus.
1661 4013 1696 4060 At
1716 4006 1739 4061 si
1757 4003 1787 4061 in
1802 4005 1866 4060 illus
1883 4015 2025 4060 terrarum
2076 4047 2077 4062 ι

1257 4101 1364 4147 tractus
1384 4100 1555 4167 Argonautae
1567 4105 1762 4169 peruenerunt
1775 4093 1897 4150 Colchus
1908 4093 2026 4168 prolici-

1256 4191 1381 4248 scentes,
1392 4178 1493 4256 quidni
1504 4180 1533 4236 in
1543 4178 1642 4235 eadem
1655 4179 1717 4236 loca
1729 4182 1893 4256 pervenisse
1905 4180 2027 4237 Darium

1256 4267 1393 4323 adversus
1403 4269 1523 4343 Scythas
1532 4269 1692 4325 exercitum
1705 4266 1873 4340 ducentem,
1886 4289 1956 4344 quae
1969 4289 2026 4322 uon

1256 4356 1350 4412 minus
1365 4376 1445 4433 paene
1456 4355 1585 4413 fabulosa
1599 4356 1741 4432 t'uitapud
1750 4361 1868 4414 Graecos
1876 4355 2029 4433 expeditio
2076 4415 2077 4454 ρ

1255 4463 1342 4519 quam
1351 4451 1591 4520 Argonautarum,
1602 4443 1739 4502 credibile
1754 4444 1896 4513 ridentur,
1912 4458 1948 4499 ut
1960 4465 2030 4500 ora·
2076 4467 2077 4532 q

1256 4531 1334 4602 crrln,
1347 4551 1411 4608 quae
1426 4532 1454 4587 iu
1471 4532 1608 4609 tragoedia
1625 4553 1651 4588 r.
1666 4534 1722 4603 736
1737 4544 1766 4588 et
1785 4553 1811 4588 r.
1825 4533 1881 4605 79⁸
1895 4551 2029 4587 comme·
2076 4539 2077 4590 l

1256 4632 1363 4689 morat,
1378 4619 1460 4676 adeo
1474 4621 1537 4698 ipso
1551 4619 1740 4696 comperiret?
1751 4619 1865 4692 Quibus
1877 4639 1976 4696 quum
1993 4621 2032 4674 ire
2076 4619 2077 4714 l

1258 4709 1358 4764 teritus
1378 4709 1514 4784 potentiae
1540 4713 1689 4765 Persarum
1709 4708 1938 4785 praediceretur,
1963 4708 2034 4763 sati>
2076 4721 2077 4804 ρ

1255 4815 1341 4872 grave
1353 4809 1552 4872 argumentum
1567 4796 1618 4854 luit
1629 4796 1665 4854 ad
1674 4795 1901 4873 componendam
1919 4809 2035 4870 tragae-

1256 4884 1341 4940 diam.
1354 4885 1475 4940 Oracula
1491 4903 1559 4939 vero
1572 4883 1619 4940 illa
1630 4888 1728 4940 Xerxe
1737 4895 1875 4960 regnante
1885 4881 1963 4940 data
1974 4903 2034 4938 non

1255 4985 1338 5028 erant
1349 4971 1437 5050 (Pers.
1454 4973 1510 5042 736
1524 4985 1552 5027 ct
1567 4974 1622 5046 798
1637 4984 1666 5027 et
1679 4973 1818 5029 Herodot.
1833 4975 1887 5040 IX,
1904 4974 2014 5037 41·ss
2028 5015 2037 5037 ,

1256 5060 1305 5117 sed
1316 5061 1402 5116 Dario
1414 5058 1587 5136 obtigerunt.
1598 5058 1741 5115 Videntur
1752 5072 1847 5116 tamen
1860 5077 1965 5135 neque
1976 5065 2036 5114 Ma·

1257 5147 1418 5204 rathoniam
1438 5154 1563 5224 pugnam
1578 5165 1671 5223 neque
1691 5146 1782 5203 ullum
1803 5147 1933 5214 audiun,
1954 5147 2039 5224 (quenl

1256 5252 1338 5296 antea
1347 5239 1440 5295 Persis
1452 5236 1603 5306 acciderit,
1615 5237 1751 5313 attigisse.
1767 5237 1872 5295 Darius
1887 5237 1978 5294 enim
1995 5238 2040 5294 le-

1256 5327 1296 5383 lix
1308 5325 1367 5382 dux
1379 5327 1405 5382 iu
1420 5325 1554 5402 tragoedia
1573 5324 1751 5402 predicatur,
1765 5323 1848 5401 crq'us
1862 5321 1923 5381 sub
1939 5326 2041 5404 impe

1257 5415 1300 5470 rio
1312 5414 1389 5470 nrrlla
1398 5413 1557 5470 calamitate
1569 5432 1612 5469 res
1625 5410 1740 5488 publica
1753 5415 1906 5469 Persarum
1922 5411 2044 5470 aillieta

1256 5515 1309 5560 cst.
1322 5508 1443 5581 Necesse
1456 5513 1498 5558 est
1513 5521 1580 5557 rcro
1592 5500 1700 5576 aliquid
1714 5500 1811 5575 aliquo
1824 5498 1891 5556 loeo
1917 5501 2045 5562 dictum
