4567 6425
458 678 512 730 808

322 792 326 799 ⁵
373 841 382 848 “
467 814 669 943 exunt
693 858 940 948 erenum
963 864 1198 955 arreum

572 1019 643 1077 RES
664 1020 826 1080 DEORUM
848 1024 1097 1101 HEllOUMQUII.

720 1144 945 1206 raemuoeot.

493 1270 650 1345 Tragoediae
669 1291 868 1349 argumentum
887 1280 911 1335 si
925 1280 1019 1337 urinus
1031 1301 1068 1339 ex
1083 1284 1214 1354 nomine,

452 1365 547 1412 tamen
561 1378 596 1414 ex
612 1362 865 1441 fragmentis,thae
885 1386 1030 1444 perpauca
1044 1382 1125 1438 sunt,
1136 1390 1212 1446 quo-

452 1442 516 1500 dam
529 1459 613 1521 pacto
627 1449 748 1507 divinari
763 1465 864 1527 potest.
879 1455 1035 1532 Sophocles
1058 1458 1134 1513 enim
1155 1478 1212 1515 nou

451 1530 535 1588 aliam
548 1554 608 1592 vern
622 1548 757 1595 tractasse
768 1541 885 1598 videtur
899 1562 985 1619 altram
1006 1544 1156 1619 AEschylus
1171 1548 1213 1605 fu-

451 1618 519 1677 bula
531 1642 596 1698 quae
609 1625 710 1683 eodem
726 1629 840 1684 uomiue
860 1629 996 1708 iuscripta
1014 1645 1085 1689 crat.
1103 1637 1212 1691 Osten-

451 1706 523 1765 duut
536 1713 613 1767 enim
626 1714 782 1789 fragmenta
794 1717 896 1774 Bacchi
907 1734 1003 1776 ortum
1017 1740 1034 1775 a
1048 1735 1135 1797 poeta
1151 1742 1214 1780 esse

451 1799 611 1872 expositum
626 1802 822 1880 originemque
843 1806 921 1877 festi,
944 1827 1010 1883 quae
1029 1809 1210 1884 Amphidro-

452 1884 508 1942 uria
531 1901 630 1946 vocata
651 1902 733 1964 suut,
756 1894 920 1950 solemnitas
943 1916 998 1951 uua
1018 1897 1123 1965 exiis,
1148 1918 1211 1974 quae

450 1990 560 2031 summa
585 1976 723 2052 religione
746 1980 785 2036 ab
807 1980 1029 2039 Atheniensibus
1059 1983 1210 2044 celebratae

449 2074 524 2118 surtt.

487 2155 695 2226 Argumentum
710 2154 785 2211 iuter
800 2157 959 2232 fragmenta
976 2160 1103 2235 AEschyli
1120 2164 1211 2241 expli-

446 2240 584 2297 cavimus.
604 2249 630 2299 A
650 2261 709 2317 quo
730 2244 870 2302 incertum
892 2258 936 2303 est
957 2249 1062 2324 quibus
1078 2253 1106 2308 iu
1122 2254 1209 2313 rebus

447 2328 605 2404 Sophocles
620 2329 818 2407 discrepuerit.
832 2330 985 2415 ‘I'dpopo'pov
1003 2338 1108 2395 chorus
1122 2343 1208 2399 fuisse

449 2417 593 2475 videntur.
609 2420 693 2490 Quod
710 2422 733 2477 si
756 2442 822 2479 vere
836 2422 970 2495 diximus,
992 2447 1049 2487 troo
1068 2428 1207 2488 dubitau-

447 2501 515 2559 duur
530 2517 574 2561 est
587 2507 658 2582 quin
677 2510 809 2567 mulieres
823 2524 851 2567 et
874 2512 993 2571 fortasse
1009 2517 1127 2573 Bacchae
1144 2519 1207 2576 fue-

447 2592 516 2667 viut,
530 2592 559 2649 id
573 2594 651 2670 quod
667 2617 702 2652 ex
714 2601 963 2673 grammaticorum
976 2602 1071 2661 verbis
1080 2606 1205 2682 colligas

447 2679 527 2754 Apud
544 2682 711 2758 AEschylum
726 2684 782 2741 boc
794 2686 869 2743 idem
887 2688 1028 2747 incertum
1044 2690 1106 2748 fuit.

487 2770 560 2826 Huic
596 2771 686 2828 choro
725 2772 784 2831 duo
823 2776 981 2852 fragmenta
1013 2779 1205 2839 attribuerim.

444 2856 541 2917 Sebol.
553 2859 691 2935 Sophocl.
703 2862 800 2937 Autig.
811 2883 838 2919 v.
860 2886 869 2919 ι
889 2886 898 2920 ι
913 2865 953 2924 Τὸ
973 2864 1001 2924 δὲ
1022 2867 1105 2925 κοινὸν
1120 2872 1134 2925 ὁ
1149 2870 1205 2928 Σο-

444 2945 541 3019 φοκλῆς
555 2950 668 3024 συνεχῶς
683 2948 726 3004 ἐπὶ
740 2955 786 3006 τοῦ
802 2949 913 3027 ἀδελφοῦ
928 2954 1040 3031 τίθησιν,
1056 2946 1108 3014 οἷον
1120 2958 1165 3015 καὶ
1178 2960 1204 3016 lu

442 3039 500 3097 ταῖς
515 3032 682 3113 Ὑδροφόροις
694 3036 813 3115 τέταχεν·
826 3039 929 3116 [alala
944 3040 1096 3103 πολύκοινον
1112 3045 1203 3127 'Appr-

442 3120 563 3197 τρίτανι,
577 3122 634 3179 ἀντὶ
650 3128 696 3180 τοῦ
717 3127 905 3206 πολυάδελφον.
931 3132 1013 3189 eous.
1036 3135 1159 3210 Hesycb.
1177 3156 1202 3193 ν.

443 3208 544 3275 Κοινός.
557 3210 652 3269 Verba
669 3214 765 3270 versui
781 3216 907 3274 iambico
932 3239 990 3276 uon
1014 3226 1201 3283 conveniunt.

441 3298 568 3355 Alterum
587 3319 705 3376 quoque
727 3301 916 3379 fragmentum
937 3306 1118 3367 audaciorem
1139 3314 1202 3371 for-

442 3405 516 3441 mam
535 3387 615 3443 vocis
635 3389 763 3445 continet
784 3411 869 3467 quam
889 3395 1020 3453 trimetro
1039 3403 1201 3460 conveniat.

440 3473 536 3530 Schol.
556 3474 629 3531 Phil.
645 3495 671 3533 v.
689 3496 782 3550 1199:
796 3477 842 3536 Ἐν
857 3477 1024 3562 Ὑδροφόροις
1041 3483 1085 3542 τὸν
1105 3488 1199 3547 Διόνυ-

440 3582 486 3618 οον
508 3555 565 3618 εἶπε
590 3563 672 3639 [att]
700 3590 712 3612 ν
727 3566 860 3645 Βακχᾶν»
887 3570 946 3627 ἀντὶ
972 3576 1017 3628 τοῦ
1042 3576 1200 3652 βακχευτάν.

439 3653 618 3707 Postremum
636 3651 824 3728 fragmentum
839 3669 883 3713 est
897 3659 973 3734 apud
990 3660 1073 3724 Pbot,
1090 3683 1117 3738 p.
1134 3667 1200 3735 366,

443 3741 476 3796 13
489 3763 495 3796 :
508 3737 591 3818 Ὀχος
601 3739 759 3810 ’assumtae
775 3743 899 3823 ’lirio'xcav
910 3751 937 3805 cl
948 3751 1084 3809 Σικελικαὶ
1095 3755 1200 3829 ἡμίονοι

438 3817 505 3884 nivea
524 3830 672 3887 σπουδαῖαι·
686 3834 704 3900 ἡ
718 3833 768 3912 γὰρ
777 3829 890 3893 'Arausa
904 3837 1029 3907 tutaret,
1044 3838 1126 3906 πόλις.
1143 3844 1199 3901 Σο-

438 3917 536 3995 φοκλῆς
550 3916 730 3999 Ὗδροφόροις·

436 4055 520 4138 [ιιι]
537 4039 630 4146 (Ipora
647 4046 854 4126 Axrcsciotsu
873 4057 1009 4154 ἐμὸιὸὼς
1025 4057 1120 4133 πόδα.

436 4213 448 4237 ι
460 4189 517 4258 Qui
530 4209 628 4248 versus
642 4192 671 4248 iu
688 4194 788 4251 codice
801 4196 970 4272 transjectus
983 4213 1026 4256 cst
1041 4222 1070 4277 p.
1088 4205 1155 4274 365,
1173 4225 1197 4278 ι,

434 4276 470 4332 ad
484 4277 607 4352 glossam
618 4279 744 4357 'Operam
757 4283 834 4340 tttrde
848 4286 949 4343 eodem
965 4289 1030 4345 foco
1042 4290 1129 4348 habet
1139 4295 1199 4351 Sui·

435 4363 494 4426 das.
510 4367 592 4426 Conf.
608 4368 731 4443 Hesycb.
746 4372 774 4426 iu
787 4366 880 4450 Ὦχος.
894 4401 906 4423 ι
921 4378 1004 4433 Dr'nd.

769 4549 878 4565 *

749 4636 878 4698 NIOBA.

472 4763 516 4817 De
529 4759 625 4817 Nioba
648 4765 796 4824 sententiae
816 4769 945 4827 virorum
967 4770 1118 4834 doctorum
1135 4797 1194 4836 nou

432 4848 624 4906 consentiunt.
637 4853 711 4908 Sunt
727 4853 776 4928 qni
790 4854 914 4914 fabulam
930 4863 1082 4935 satyricam
1106 4866 1194 4925 fuisse

432 4948 580 5001 censeant,
600 4938 683 5013 quia,
702 4941 807 5016 credo,
832 4947 939 5003 amoris
965 4951 1082 5024 puerilis
1108 4953 1138 5010 in
1160 4976 1193 5012 ea

432 5023 538 5080 mentio
562 5026 634 5082 facta
654 5041 706 5086 est
728 5033 833 5088 Verum
859 5033 920 5091 haec
939 5040 1079 5096 sententia
1104 5041 1193 5101 hodic

433 5115 493 5166 lere
507 5112 623 5190 explosa
644 5137 706 5173 esse
723 5119 853 5190 ridetur,
870 5121 1034 5199 improbata
1048 5129 1134 5186 etiam
1155 5131 1191 5188 ab

431 5194 476 5269 iis,
493 5199 543 5275 qui
554 5213 638 5259 autea
653 5202 847 5266 defenderant.

1002 679 1212 741 soeaoctts
1234 682 1484 755 FRAGMENTA.
1545 742 1551 755 .

1308 819 1396 879 Multa
1419 823 1455 881 de
1480 824 1572 884 Nioba
1592 830 1780 909 'tragicorum
1808 836 2001 914 disputavimus,

1270 902 1317 962 ubi
1341 908 1496 985 fragmenta
1509 916 1617 989 Niobae,
1633 940 1719 997 quam
1737 924 1887 997 AEschylus
1899 930 2001 1007 scripsit,

1268 995 1480 1070 explicavimus.
1500 1005 1657 1079 Sophocles
1682 1020 1775 1065 tamen
1802 1012 1831 1069 iu
1856 1013 2001 1088 quibusdam

1267 1078 1303 1136 ab
1317 1086 1459 1162 AEschylu,
1474 1110 1559 1165 quem
1577 1092 1749 1173 plerumque
1762 1098 1900 1175 sequitur,
1913 1102 2001 1162 disces-

1267 1168 1335 1226 sisse
1345 1171 1459 1251 alioque
1478 1178 1564 1236 modo
1583 1180 1708 1241 fabulam
1731 1184 1889 1245 instituisse
1901 1190 2001 1250 videnu.

1266 1257 1295 1313 Si
1311 1262 1387 1320 cuim
1409 1254 1559 1343 lfischylus
1574 1271 1697 1330 Niobam
1712 1272 1763 1331 diu
1779 1281 2002 1345 tacentemjutro

1266 1344 1358 1428 rfttait,
1372 1351 1401 1407 id
1415 1356 1560 1429 peculiare
1570 1359 1623 1416 fuit
1635 1360 1734 1437 illique
1745 1363 1799 1421 soli
1812 1384 1829 1421 a
1840 1371 2002 1440 grammatico

1266 1432 1447 1512 vindicatum
1476 1442 1581 1503 deinde
1609 1446 1664 1504 alia
1693 1448 1748 1505 fuit
1773 1450 1957 1531 discrepantia
1981 1458 2001 1514 ia

1265 1540 1384 1581 numero
1398 1524 1556 1589 liberorum
1571 1534 1681 1607 Niobes,
1698 1537 1765 1612 quia
1777 1539 1884 1597 diserte
1896 1544 2001 1619 perhibi·

1265 1621 1324 1665 turn
1339 1624 1381 1669 est
1396 1634 1411 1670 a
1425 1622 1618 1691 grammaticis
1634 1624 1807 1700 Sophoclem
1830 1642 1931 1707 septem
1944 1632 2002 1689 filim

1266 1698 1442 1777 totidemque
1462 1704 1532 1761 filias
1546 1727 1793 1771 commemorasse.
1816 1719 1914 1794 Itaque
1932 1724 2001 1777 Luta-

1264 1790 1320 1844 tius
1341 1787 1461 1848 adstat.
1481 1792 1572 1851 Theb.
1592 1800 1641 1869 VI,
1664 1798 1691 1854 iu
1714 1797 1791 1857 hunc
1815 1804 1928 1863 modum
1946 1810 2001 1863 scri-

1264 1878 1348 1954 psit:
1372 1880 1490 1939 «Niobe
1512 1885 1668 1944 secundum
1688 1892 1848 1949 Homerum
1872 1894 2000 1954 duodecin

1262 1966 1335 2023 filios
1356 1966 1464 2026 habuit.
1491 1972 1649 2049 Sophocles
1671 1987 1766 2033 autern
1784 1977 1858 2037 dicit
1873 2001 1930 2039 cam
1942 2004 1999 2060 qua-

1264 2054 1422 2114 tuordecim
1444 2057 1583 2117 imbuisse.
1595 2086 1607 2111 ι
1619 2062 1783 2122 Mirandum
1800 2079 1845 2124 est
1860 2070 1933 2145 quod
1944 2072 1998 2129 Gel-

1263 2142 1317 2199 lius
1344 2142 1429 2220 (XX,
1458 2145 1486 2221 7)
1513 2148 1687 2224 S'ophoclem
1717 2172 1776 2209 nou
1809 2174 1999 2217 commemorat.

1261 2233 1360 2288 Exstat
1380 2231 1487 2291 deinde
1515 2246 1545 2291 ιιι
1567 2237 1682 2295 videtur
1699 2238 1755 2297 alia
1773 2242 1851 2301 iuter
1871 2258 1999 2323 utrumque

1262 2330 1375 2394 poetam
1399 2319 1598 2399 discrepantia.
1620 2327 1762 2403 Culpatur
1774 2332 1851 2388 euim
1866 2335 1999 2411 Sophocle

1261 2407 1314 2464 hac
1328 2407 1358 2464 iu
1371 2410 1505 2485 tragoedia
1521 2432 1646 2471 amorem
1660 2417 1801 2492 puerilem
1814 2422 1998 2485 introduxisse.

1260 2494 1290 2551 id
1318 2496 1396 2572 quod
1422 2498 1574 2575 AEschylus
1598 2502 1705 2561 fecerat
1734 2506 1764 2563 in
1795 2510 1999 2585 Myrmidonibus

1260 2583 1374 2655 (Athen.
1385 2590 1467 2657 XIII,
1478 2607 1507 2664 p.
1522 2590 1589 2659 fior,
1602 2596 1634 2661 A,
1644 2603 1673 2647 et
1687 2592 1762 2650 Plut.
1773 2599 1845 2653 Mor.
1858 2618 1888 2674 p.
1900 2600 1956 2670 760,
1967 2604 1998 2656 ΕΙ

1259 2672 1302 2727 Ex
1320 2671 1425 2748 quibus
1444 2675 1597 2733 concludas
1614 2677 1739 2738 fabulam
1755 2684 1886 2761 AEscbyli
1907 2688 1998 2765 potissi·

1259 2778 1336 2817 mum
1358 2762 1464 2819 luctum
1487 2764 1588 2823 Niobae
1609 2765 1729 2845 ejusque
1748 2770 1904 2831 discessum
1925 2778 1996 2831 muti·

1259 2848 1370 2918 nuisse,
1384 2850 1556 2926 Sophoclem
1570 2864 1665 2912 autem
1684 2858 1767 2933 phun
1785 2880 1822 2917 ex
1837 2862 1913 2920 illius
1928 2862 1995 2919 histo

1258 2934 1299 2991 ria
1316 2937 1502 3015 complexum
1525 2961 1595 2999 esse.
1613 2946 1714 3021 Neque
1737 2966 1806 3005 vero
1822 2950 1996 3008 credibilem

1257 3022 1413 3099 quidquam
1429 3023 1514 3101 liujus
1531 3030 1637 3087 amoris
1651 3044 1797 3095 ostensum
1811 3056 1874 3094 esse
1888 3038 1913 3095 in
1924 3058 1997 3099 ιιιιιι,

1257 3108 1324 3184 quia
1340 3110 1506 3171 Plutarchus
1527 3116 1591 3173 loeo
1608 3137 1694 3194 quem
1716 3120 1866 3181 citavimus
1882 3125 1917 3183 ad
1933 3144 1995 3181 ιιιιιι-

1256 3196 1435 3273 probandum
1450 3223 1509 3260 non
1525 3223 1616 3281 pauca
1628 3206 1676 3264 illa
1687 3208 1789 3284 verba,
1801 3213 1905 3288 quibus
1917 3211 1995 3270 auxilii

1255 3285 1400 3346 invocatio
1414 3292 1589 3362 continetur,
1603 3295 1631 3351 iu
1654 3295 1781 3356 medium
1802 3303 1945 3372 attuIIsset,
1956 3299 1995 3358 sed

1256 3384 1343 3432 totam
1366 3376 1490 3436 fabulam
1518 3379 1695 3440 documento
1724 3405 1788 3442 esse
1813 3387 1936 3447 dixisset.
1956 3389 1994 3446 list

1255 3480 1324 3520 vero
1340 3464 1494 3524 videndum
1505 3468 1576 3544 quid
1588 3469 1626 3527 sit
1636 3491 1721 3548 quem
1735 3493 1863 3534 amorem
1879 3475 1994 3555 puerilem

1254 3565 1367 3611 vocant.
1385 3554 1442 3611 Vix
1466 3554 1659 3616 dubitandum
1681 3574 1724 3616 est
1748 3562 1819 3638 quin
1843 3563 1917 3622 aliud
1934 3563 1993 3620 sita

1254 3641 1462 3714 posterioribus
1476 3647 1584 3702 Graecis
1598 3647 1783 3720 intellectum,
1799 3653 1877 3710 aliud
1889 3675 1904 3710 a
1919 3653 1993 3730 poetis

1253 3725 1440 3806 descriptum.
1458 3733 1544 3801 Quod
1560 3733 1605 3791 his
1623 3735 1776 3796 honestum
1796 3741 1849 3798 fuit
1866 3755 1894 3798 et
1911 3741 1992 3798 lauda-

1252 3812 1319 3884 bile,
1333 3815 1369 3873 ab
1385 3817 1441 3876 illis
1462 3821 1490 3875 iu
1507 3820 1608 3880 maiam
1629 3838 1740 3901 partem
1761 3842 1909 3906 acceptum
1922 3841 1957 3884 est
1972 3843 1993 3882 u

1252 3921 1325 3978 qum
1351 3923 1449 3962 amore
1474 3907 1675 3968 honestissimo
1695 3915 1918 3993 suavissimoque
1936 3935 1992 3970 con-

1248 3988 1367 4065 junctos
1381 3995 1515 4071 superior
1528 4008 1594 4054 aetas
1617 3999 1694 4070 fecit,
1713 4003 1885 4078 turpissimis
1900 4001 1993 4080 cupidi·

1254 4077 1338 4136 nibus
1351 4084 1502 4158 copulatos
1517 4099 1617 4161 postea
1630 4089 1803 4164 cogitarunt.
1818 4097 1902 4150 Poeta
1914 4105 1992 4148 autnn

1251 4171 1478 4245 opportunitate,
1495 4193 1559 4248 quae
1575 4195 1611 4232 ex
1627 4176 1702 4248 loeo,
1715 4197 1775 4254 quo
1793 4199 1839 4236 res
1856 4189 1992 4239 actaesunt.

1251 4257 1286 4314 ad
1307 4277 1433 4316 amorem
1459 4261 1632 4320 ΙιιιιιΙιιιιιΙιιιιι
1654 4267 1768 4343 egregie
1792 4289 1861 4326 usus
1882 4267 1991 4333 videtur,

1250 4346 1317 4421 quia
1337 4348 1504 4423 tragoediam
1524 4350 1630 4409 Thebis
1649 4353 1695 4432 agi
1713 4355 1791 4426 fecit,
1813 4377 1868 4435 qua
1889 4359 1917 4414 in
1932 4353 1991 4411 urbc

1251 4444 1333 4509 turpe
1349 4433 1403 4491 fuit
1418 4454 1519 4511 puero,
1536 4439 1561 4496 si
1586 4454 1743 4499 amatorem
1766 4465 1824 4500 nou
1847 4443 1988 4500 invenisset.

1249 4519 1356 4578 Thebis
1368 4519 1493 4581 fabulam
1504 4525 1550 4602 agi
1562 4526 1648 4585 docet
1662 4531 1793 4591 Eustath.
1810 4553 1839 4608 p.
1858 4532 1933 4602 1367,
1951 4549 1989 4584 οι·

1288 4610 1378 4668 Valde
1388 4610 1502 4671 difficile
1512 4629 1555 4672 est
1564 4629 1659 4674 autem
1671 4620 1782 4696 assequi
1792 4641 1855 4698 quae
1867 4617 1990 4696 tmgoedit

1248 4699 1420 4774 compositio
1435 4702 1683 4782 conformatioque
1694 4707 1789 4765 fuerit.
1804 4715 1872 4768 Nam
1884 4705 1991 4770 etiarnsi·

1247 4804 1311 4860 quae
1336 4799 1379 4843 est
1407 4791 1547 4847 Welclseri
1572 4795 1734 4870 sententia,
1764 4797 1879 4854 Ovidius
1909 4797 1936 4852 in
1964 4813 1990 4848 rc

1247 4892 1357 4929 summu
1379 4876 1548 4952 Sophoclem
1569 4883 1710 4958 expressit
1737 4905 1859 4961 eumque
1878 4883 1989 4942 imitatus

1246 4972 1298 5030 est,
1314 4973 1408 5021 tamen
1424 4963 1564 5039 ejusmodi
1577 4981 1621 5024 cst
1634 4970 1732 5027 Ovidii
1747 4973 1863 5045 relatio,
1876 4983 1905 5028 ut
1926 4967 1988 5026 nihil

1245 5046 1349 5106 habent
1370 5051 1447 5128 quod
1469 5054 1561 5111 simile
1582 5055 1620 5112 sit
1640 5059 1796 5135 tragoediae.
1819 5065 1929 5126 Manto,
1949 5057 1987 5112 iu-

1244 5135 1317 5210 quit,
1332 5138 1448 5196 Tiresia
1468 5142 1523 5198 filia
1544 5142 1680 5202 instinctu
1703 5151 1818 5204 Latonas
1834 5165 1915 5224 quum
1928 5163 1985 5200 rnu-

1244 5223 1327 5280 Iieres
1358 5225 1511 5286 Thebanus
1548 5229 1585 5286 ad
1623 5231 1802 5292 adorandum
1838 5234 1985 5311 Apollinem

430 5313 1981 5368 Ἂν

896 5447 1027 5506 Curribus
1040 5455 1174 5511 Acessaels
1188 5391 1272 5527 dirlrm
1287 5456 1462 5528 imposuIsset
1476 5461 1580 5533 pedem.
