4567 6425
437 694 494 744 216

436 814 524 871 verba
537 809 663 887 AEschyli
673 854 681 882 ‚
692 808 774 887 [157]
789 806 847 867 nrt
861 802 996 883 nequiuit
1008 806 1049 864 ἐπ’
1069 802 1163 863 Αἴαντι
1172 832 1200 875 ν,

437 922 483 978 ap.
499 900 647 977 Aristoph.
665 902 737 957 Ran.
755 905 839 967 inqu,
860 894 993 952 observat
1018 892 1199 954 Scholiasta:

437 985 660 1068 Τιμαγίδαςρηολ
671 989 745 1043 τοῦτο
761 982 868 1049 ἐνένίοις
882 980 919 1060 μὴ
936 1005 953 1059 γ
970 980 1092 1064 ἄρεσθαι·
1105 979 1201 1040 'Anal-

437 1055 532 1143 λώνιοςΙ
545 1074 574 1134 δι’
585 1096 662 1154 φησιν
678 1072 848 1153 ἒκΘρῃοσῶν
866 1067 929 1128 αὐτὸ
946 1003 1021 1128 ulvae.

772 1186 872 1204 οφ·-

706 1258 929 1317 SALAllllNlAE.

477 1391 613 1466 Sequitur
626 1390 709 1447 tertia
721 1385 873 1465 tragoedia,
886 1386 932 1443 cui
945 1405 1049 1443 nomen
1061 1386 1114 1444 suit
1124 1386 1200 1444 Sala-

438 1480 546 1543 miniis,
562 1492 594 1535 ut
606 1476 721 1535 videtur
738 1476 855 1533 achoro
868 1473 1019 1532 mulierum
1032 1474 1202 1532 Salaminia-

439 1588 500 1624 nun
515 1566 646 1625 inditum.
657 1565 713 1624 Sed
725 1585 760 1623 ne
771 1563 800 1622 id
811 1562 926 1641 quidem
938 1581 1055 1640 prorsus
1066 1563 1127 1621 sine
1135 1584 1202 1621 cou-

438 1650 1200 1727 troversiaestfuerintneSalaminiianruulieres,quum

437 1744 474 1799 sit
495 1740 652 1817 Σαλαμίνιοι
667 1742 694 1798 in
720 1739 813 1797 indice
834 1738 1033 1817 tragoediarum
1052 1739 1202 1815 scriptum.

478 1836 685 1907 Argumentum
696 1841 801 1900 autern,
812 1827 889 1903 quod
899 1840 983 1904 poeta
993 1826 1137 1900 tractavit,
1148 1826 1202 1883 hoc

439 1918 523 1974 fuisse
543 1916 665 1975 ridetur.
685 1921 796 1975 Teucer
812 1936 828 1971 e
843 1914 918 1971 bello
932 1919 959 1970 in
972 1914 1094 1992 patriam
1112 1913 1203 1972 redux

438 2006 587 2063 Telamoni
607 2006 681 2082 patri
696 2006 838 2081 ingratum
853 2003 988 2059 nuncium
1003 2000 1038 2060 de
1055 2000 1136 2061 obitu
1155 2002 1203 2060 di·

437 2094 504 2153 lecti
524 2093 574 2151 sdii
593 2093 705 2161 attulit,
723 2111 781 2168 quo
802 2111 890 2149 senex
905 2103 1054 2169 tantopere
1070 2089 1203 2163 indoluit,

439 2196 470 2239 ut
486 2182 571 2239 etiam
585 2185 697 2239 Teucro
717 2178 883 2255 gravissime
903 2190 1100 2255 succenseret,
1125 2179 1204 2256 quod

440 2270 556 2326 fratrem
577 2265 613 2324 ab
639 2267 743 2343 injuria
764 2269 931 2324 Graeeomm
947 2284 1005 2322 nou
1022 2264 1203 2325 defendisset.

440 2361 531 2435 Negat
541 2376 572 2413 se
584 2356 672 2414 silium
681 2354 779 2414 videre
792 2374 885 2432 posse,
896 2356 946 2431 qui
958 2375 973 2411 a
984 2355 1074 2433 stirpe
1087 2369 1205 2432 paterna

439 2444 511 2502 adeo
524 2443 756 2521 degeneraverit,
768 2454 800 2500 ut
819 2442 1027 2501 sanctissimum
1044 2442 1139 2501 fratris
1156 2444 1203 2500 ul-

440 2532 565 2589 ciscendi
577 2532 704 2589 officium
717 2530 793 2610 turpi
806 2530 887 2589 lucro
897 2531 1029 2589 incensus
1038 2531 1204 2609 neglexerit.

442 2621 538 2698 Neque
549 2620 688 2699 permittit
699 2619 762 2695 ille,
777 2632 809 2677 ut
826 2620 856 2677 in
871 2619 962 2697 patria
980 2632 1139 2690 remaneat,
1154 2620 1204 2678 sed

441 2711 594 2788 expellitur
610 2714 735 2781 Teucer,
752 2720 783 2769 ut
796 2728 903 2767 novum
919 2710 1012 2766 solum
1028 2722 1154 2786 querat,
1176 2711 1205 2766 in

441 2819 499 2875 qim
510 2799 590 2857 sedes
600 2818 665 2855 suns
675 2810 849 2874 penatesque
860 2800 1073 2875 porratluutque
1085 2817 1205 2875 penaio,

441 2887 519 2965 quod
532 2888 626 2945 lratris
638 2886 785 2944 interitum
800 2906 857 2943 non
872 2886 909 2942 sit
925 2886 1009 2943 ultus.

480 2984 564 3037 Pater
574 2982 687 3037 Teucro
702 2977 803 3048 iratus,
814 2976 947 3034 laudibus
968 2976 998 3034 in
1017 2977 1119 3033 eoelum
1140 2978 1207 3051 Aja-

442 3066 481 3123 cis
489 3064 685 3123 fortitudinem
694 3060 998 3142 efferens,opprobriis
1012 3064 1090 3121 illum
1102 3085 1205 3121 eumu-

441 3155 517 3226 lans,
539 3153 614 3211 liunc
631 3152 773 3213 desiderio
791 3154 899 3211 invicto
918 3154 1084 3231 requirens,
1104 3156 1206 3213 Teucri

443 3243 568 3300 defensio
579 3243 622 3301 vel
634 3242 787 3313 silentium,
796 3242 946 3300 consilium
958 3242 1149 3320 relinquenda·
1161 3263 1208 3319 pa·

442 3333 536 3390 uiaret
548 3331 697 3409 profectio,
705 3345 800 3408 partes
809 3344 876 3388 sunt
884 3330 1027 3409 trugoediae
1034 3332 1208 3408 gravissimae

442 3419 564 3496 ideoque
578 3419 754 3488 necessariae,
775 3439 845 3497 quas
858 3432 942 3498 poeta
958 3420 1059 3498 procul
1073 3419 1164 3478 dubio
1178 3421 1207 3478 in

443 3515 579 3593 tragoedia
592 3517 720 3574 tractavit
731 3535 842 3592 suoque
854 3536 934 3572 more
947 3517 1107 3574 exornavit.
1119 3517 1208 3573 Vide-

444 3617 492 3662 tur
503 3618 595 3661 tamen
609 3605 681 3662 inter
691 3624 790 3660 orrmes
802 3604 942 3680 tragtediae
953 3609 1209 3682 personasTeucer

443 3691 606 3763 eminuisse,
620 3692 648 3749 id
661 3691 739 3769 quod
756 3691 902 3769 colligitur
911 3713 947 3750 ex
958 3693 1002 3761 iis,
1017 3712 1082 3768 quae
1092 3693 1209 3769 AEsclry-

443 3781 501 3838 lum
515 3779 762 3858 Aristoplmuesin
775 3779 864 3838 Ranis
875 3801 903 3838 v.
921 3789 994 3849 rodo
1010 3779 1151 3839 dicentem
1166 3782 1209 3838 la-

444 3869 493 3940 cit,
503 3868 553 3926 ubi
563 3869 708 3927 'l'eucrum
720 3865 880 3946 θυμολέοντα
891 3869 1013 3927 vocavit.

990 672 1169 735 AESCllYLl
1191 672 1439 733 FRAGMENTA.

1244 812 1376 892 [vadet
1384 840 1436 904 μοι
1447 816 1566 907 γένοιτο
1585 820 1679 908 φᾶρος
1696 815 1761 883 ἴσον
1779 818 1810 881 ἐν
1827 819 1949 909 οὖρανῷ.

1243 944 1254 1022 (
1265 945 1348 1005 Conl.
1379 947 1534 1005 Herodian.
1565 946 1633 1027 Περὶ
1665 946 1791 1027 διχρόνων
1816 969 1864 1025 ap.
1887 952 1995 1009 Breuci.

1244 1036 1313 1091 Lex.
1324 1034 1414 1111 Soph.
1430 1055 1458 1092 v.
1470 1036 1577 1115 Φᾶρος,
1589 1035 1639 1093 ubi
1657 1034 1715 1113 ἐμοὶ
1728 1034 1793 1112 γέν,
1810 1042 1906 1096 Draco
1919 1043 1994 1096 Strat.

1245 1141 1273 1199 p.
1288 1122 1335 1193 35,
1349 1142 1359 1179 ι
1371 1128 1560 1187 1‚Grammat.
1570 1124 1727 1183 Hermanni
1737 1143 1766 1202 p.
1777 1126 1858 1201 113.)
1868 1132 1905 1183 At
1916 1146 1996 1203 neque
2067 1115 2068 1126 ¹

1244 1207 1312 1285 quid
1337 1209 1532 1287 significetur,
1556 1230 1650 1288 neque
1680 1210 1829 1287 quomodo
1859 1213 1996 1289 AEselrylus

1245 1316 1359 1355 versum
1372 1297 1535 1375 scripserit,
1552 1299 1633 1357 lacile
1658 1299 1724 1376 quis
1745 1299 1864 1357 dixerit.
1880 1306 1997 1359 Fortasse

1245 1383 1269 1442 si
1292 1408 1337 1461 μοι
1357 1385 1459 1464 γένοιτο
1483 1394 1563 1467 φᾶρος
1583 1385 1640 1444 lcav
1657 1383 1690 1445 ἂν
1710 1386 1814 1467 οὐρανῷ
1830 1387 1875 1445 vel
1898 1386 1951 1445 teu
1973 1387 1997 1446 tv

1245 1475 1345 1554 οὐρανῷ
1359 1473 1543 1532 scribendum
1558 1486 1617 1546 est,
1629 1474 1684 1533 hae
1698 1476 1858 1547 sententia,
1884 1488 1915 1533 ut
1932 1481 1997 1534 Teu·

1245 1581 1293 1619 cer
1316 1562 1411 1619 velum
1435 1575 1536 1641 optet,
1568 1582 1628 1640 quo
1653 1575 1711 1621 tam
1736 1564 1838 1640 procul
1871 1584 1888 1621 a
1916 1567 1997 1642 patria

1246 1650 1369 1707 vehatur
1383 1670 1472 1716 nave,
1486 1670 1573 1728 quam
1593 1650 1695 1709 coelum
1708 1650 1888 1708 extendatur.
1904 1656 1998 1708 Verum

1245 1738 1461 1796 concedendum
1476 1750 1520 1795 est
1534 1736 1677 1815 ejvtsmodi
1691 1757 1807 1795 versum
1830 1738 1997 1813 AEschyleunr

1246 1845 1305 1882 non
1317 1825 1419 1884 videri.

1286 1915 1382 1986 Quum
1394 1914 1536 1972 Pacuvius
1555 1927 1584 1971 et
1599 1915 1709 1973 Ennius
1722 1913 1799 1971 idem
1811 1926 1998 1989 argumentum

1247 2001 1405 2066 tractarint,
1419 2001 1524 2059 horum
1537 2002 1695 2079 fragmenta
1707 2006 1889 2061 Hermannus
1900 2002 1999 2059 adscri-

1248 2088 1341 2147 benda
1350 2088 1470 2146 censuit.
1480 2089 1534 2146 Sed
1547 2110 1682 2167 quianon
1691 2102 1903 2165 constat,quem
1913 2090 2000 2147 llvuua·

1247 2176 1276 2235 ni
1289 2190 1382 2255 poetae
1392 2176 1482 2235 secuti
1492 2176 1560 2249 siut,
1568 2176 1780 2254 Sophoclemue
1790 2198 1827 2235 au
1838 2178 2001 2253 AEsclrylum,

1247 2266 1395 2341 multoque
1409 2277 1453 2323 est
1464 2265 1632 2324 credibilius
1640 2264 1703 2323 illos
1710 2265 1837 2340 AEsclryli
1852 2267 2001 2343 tragediam

1248 2353 1344 2411 latinis
1354 2352 1486 2410 versibus
1497 2371 1555 2410 non
1567 2354 1757 2431 expressisse,
1770 2353 1925 2411 Hermanni
1940 2373 2002 2411 con·

1248 2439 1344 2499 silium
1355 2440 1544 2499 deserendum
1559 2441 1732 2520 putarimus.

1575 2569 1696 2589 ⁴0⁶-

1499 2640 1596 2700 Atax
1616 2641 1768 2701 Locrus,

1289 2744 1364 2823 Ajax
1374 2749 1483 2804 Locrus
1491 2745 1618 2822 AEschyli
1629 2746 1716 2803 semel
1728 2747 1928 2804 tantummodo
1935 2766 2002 2803 rom·

1250 2847 1426 2892 memoratur
1445 2835 1475 2891 iu
1496 2834 1620 2911 antiquis
1639 2832 1721 2892 libris
1740 2854 1836 2911 neque
1857 2834 2002 2911 quidquam

1250 2920 1335 2980 nobis
1349 2923 1477 2981 innotuit
1494 2922 1531 2981 de
1552 2921 1686 2999 tragoedia
1708 2923 1763 3004 nisi
1781 2924 1862 3001 quod
1877 2936 1920 2981 est
1935 2924 2003 3000 apud

1250 3010 1408 3069 Zenobium
1422 3016 1475 3082 vt,
1493 3020 1545 3083 14,
1568 3013 1618 3088 qui
1632 3029 1720 3068 unum
1735 3011 1881 3089 tragoediae
1894 3012 2004 3070 verbum

1251 3090 1384 3148 servavit.
1407 3090 1514 3149 Fabula
1527 3111 1612 3165 vero,
1623 3091 1648 3147 si
1660 3091 1790 3162 exstitit,
1804 3093 1914 3169 repleta
1928 3092 2005 3149 suerit

1251 3198 1365 3236 necesse
1379 3190 1421 3236 est
1435 3176 1524 3236 rebus
1538 3176 1671 3236 maximis
1691 3178 1938 3257 gravissimisque,
1949 3199 2007 3256 qua

1251 3267 1378 3324 animum
1401 3287 1505 3344 magno
1518 3287 1607 3345 opere
1621 3286 1754 3336 movere,
1767 3281 1877 3325 metum
1894 3281 1923 3326 et
1935 3268 2005 3325 iodi-

1251 3355 1415 3430 gnationem
1429 3355 1568 3426 excitare,
1582 3355 1715 3432 potentie
1727 3353 1834 3412 divinae
1844 3355 2005 3431 majestatis-

1251 3462 1307 3519 que
1321 3442 1539 3501 admirationem
1550 3462 1655 3518 augere
1666 3455 1792 3520 possent.

1293 3530 1365 3607 Ajax
1378 3531 1451 3590 Oilei
1464 3529 1538 3588 lilius
1552 3531 1621 3601 luit,
1640 3533 1758 3588 Locrus.
1775 3531 1831 3590 llic
1841 3551 1929 3609 quum
1941 3531 2008 3588 inter

1253 3638 1357 3696 procos
1375 3620 1491 3678 Helenae
1506 3619 1606 3676 luisset
1615 3617 1863 3696 jurejurandoque
1878 3639 1942 3678 cum
1953 3620 2009 3676 aliis

1252 3719 1326 3764 esset
1339 3706 1510 3776 obstrictus,
1524 3707 1599 3765 inter
1614 3711 1730 3764 Graecos
1746 3704 1864 3782 Trojana
1875 3707 2006 3784 proficisci

1252 3806 1369 3852 coactus
1384 3806 1435 3862 est¹
1448 3806 1481 3850 ut
1491 3793 1582 3852 illatas
1595 3794 1724 3851 Menelao
1734 3793 1855 3870 injurias
1864 3793 2006 3852 ulciscere·

1254 3895 1310 3938 tur.
1325 3881 1405 3940 Urbe
1414 3881 1527 3939 decimo
1540 3901 1617 3940 auno
1630 3893 1794 3960 expugnata
1809 3881 1874 3953 hic,
1885 3883 1935 3960 qui
1949 3879 2010 3938 ubi·

483 3962 629 4036 Perpauca
639 3957 794 4035 fragmenta
803 3969 967 4033 supersunt,
976 3976 1010 4015 ex
1020 3955 1125 4033 quibus
1136 3958 1208 4015 nihil
1228 3980 1233 4006 ι
1252 3968 2010 4048 queimpietate&improbanteexcellujsaegffiffl.

444 4045 540 4121 colligi
550 4045 848 4122 potest‚adeoqueilla
859 4042 981 4102 obscura
994 4056 1110 4114 sunt,ut
1121 4047 1210 4103 nein-
1253 4056 1305 4114 dm
1321 4057 1409 4134 potiri
1426 4057 1517 4116 voluit
1534 4057 1733 4135 virginemque
1748 4057 1875 4135 Apollini
1894 4057 2011 4115 dimum

445 4133 532 4211 telligi
547 4133 661 4208 quidem
677 4133 845 4210 possitquae
859 4132 945 4190 luerit
960 4133 1110 4204 sententia,
1122 4153 1208 4210 quam
1253 4144 1283 4202 in
1298 4144 1734 4223 10,„„111mp0,5oeu1us‚q11um
1748 4144 1796 4202 5112
1811 4145 1848 4203 ad
1867 4165 1943 4204 mm
1957 4147 2009 4202 ffl.

445 4221 677 4299 siguilicuverint.
686 4221 792 4292 Primo,
807 4221 884 4298 quod
897 4234 938 4278 est
947 4220 1025 4298 apud
1036 4222 1208 4298 llesyehium
1253 4251 1349 4290 nervae
1362 4233 1545 4310 confugisset,
1554 4252 1591 4291 ex
1603 4234 1653 4292 illo
1665 4233 1730 4290 loeo
1740 4233 1865 4310 puellam
1875 4233 2013 4310 deripere,

444 4316 526 4398 [151]
543 4316 670 4397 ιάνήρης,
680 4344 692 4368 ν
706 4315 848 4398 ἀνδρώδης,
858 4303 978 4376 sortasse
991 4315 1062 4394 Ajax
1074 4317 1210 4396 intelligi·
1253 4321 1311 4377 vim
1323 4334 1350 4378 et
1362 4341 1464 4378 manus
1477 4323 1503 4379 ei
1517 4321 1635 4394 inferre,
1647 4322 1826 4379 sacerdotem
1837 4322 1946 4378 violare
1959 4341 2013 4377 nou

445 4420 501 4479 tur,
512 4405 590 4482 quod
600 4405 802 4463 maximevirili
815 4403 981 4464 tortitudine
992 4405 1058 4477 luit;
1068 4405 1210 4484 alioupud
1253 4405 1404 4464 dubitavit
1416 4410 1481 4465 Non
1491 4409 1557 4466 tulit
1567 4407 1622 4466 dea
1633 4421 1744 4466 tantum
1757 4409 1800 4466 sui
1812 4409 1936 4466 numinis
1947 4431 2014 4465 οοιι-

444 4491 890 4574 eundem[158]«rlraqipaiddei»
919 4492 1020 4568 (codex
1039 4494 1209 4574 evaporasse),
1256 4505 1384 4552 temtum.
1399 4494 1489 4553 Utab
1505 4495 1708 4556 eovindicmn
1724 4507 1836 4573 repetat
1849 4516 2016 4572 causamque

445 4585 602 4664 ἀναῤῥοριῑ,
625 4581 763 4657 AEsclrylo
791 4582 916 4660 positum
939 4581 997 4639 ἀντὶ
1025 4587 1070 4640 τοῦ
1089 4585 1209 4650 διαπνεῖ,
1254 4596 1286 4639 ut
1298 4582 1384 4656 dicat,
1396 4584 1563 4660 advocatur,
1578 4605 1595 4644 a
1609 4584 1770 4644 Cassandra
1780 4598 1942 4654 accusatur,
1960 4587 2016 4642 iru-

445 4671 542 4729 eredas
557 4669 650 4746 Ajncis
664 4671 829 4747 sanguinem
844 4691 860 4727 a
879 4683 953 4728 terra
976 4669 1109 4728 baustum
1135 4672 1210 4730 indi·
1254 4683 1312 4729 stra
1324 4671 1442 4750 pejerat,
1454 4675 1504 4733 vix
1514 4674 1736 4754 lapidationem,
1746 4694 1809 4752 quae
1822 4694 1907 4752 poeua
1919 4677 1947 4732 ei
1959 4688 2016 4732 erat

446 4761 519 4832 cari,
546 4779 645 4818 vocem
661 4758 743 4837 [159]
768 4755 1037 4834 ιέκλογον,νιριιοιιι
1052 4759 1210 4835 Hesychius
1253 4762 1657 4841 constituta,eliugit,quum
1668 4765 1698 4822 in
1712 4765 1775 4842 ipsa
1785 4783 1835 4822 ara
1846 4763 2018 4840 dece,quam

448 4845 1015 4925 irripuervexplicat,defensiouemTeueri
1026 4846 1113 4905 luisse
1123 4848 1210 4920 dirus,
1254 4849 1468 4928 improbissime
1480 4853 1655 4927 offenderat,
1671 4852 1810 4911 auxilium
1826 4866 1945 4930 qua-rat.
1962 4857 2019 4910 Dea

448 4935 740 5013 postremoque[t(50]
752 4928 1210 5012 ινανθύλας,ντὰςάνοιδήοειςορνιιά
1255 4938 1401 4998 lmmiuem
1420 4941 1630 5002 immortalibus
1647 4941 1875 5020 mortalibusque
1897 4942 2019 4998 invisum

446 5021 579 5093 eundem,
593 5021 665 5080 ictus
680 5024 708 5080 in
722 5021 799 5080 bello
811 5035 954 5099 acceptos.
1255 5030 1380 5088 servarit
1393 5030 1520 5107 quidem,
1530 5044 1560 5088 at
1574 5031 1623 5089 ille
1634 5045 1764 5089 serratus
1778 5043 1830 5102 est,
1842 5051 1902 5088 uon
1911 5033 2019 5108 quovi-

486 5115 617 5188 Demque
636 5111 745 5189 integer
766 5123 858 5168 exstat
881 5131 980 5168 versus
1003 5111 1031 5170 in
1054 5112 1210 5170 Herodiani
1257 5130 1334 5176 reret
1342 5119 1795 5200 improbitatemquedepeneret,
1813 5119 2022 5184 sedutturnius

448 5197 522 5258 libro
532 5197 592 5278 aspi
608 5197 735 5279 μονήρους
749 5195 841 5266 llice<
856 5219 885 5277 p.
901 5201 948 5272 36,
969 5221 1002 5276 ¹9
1024 5223 1031 5257 ε
1257 5206 1393 5264 interiret.

469 5339 526 5350 —
1811 5349 2008 5361 -—-*

1200 5432 1264 5483 1111.

836 5497 948 5554 Utinam
965 5497 1031 5555 milri
1047 5497 1189 5570 contingat
1206 5503 1295 5556 velum
1309 5519 1357 5573 par
1370 5505 1395 5558 iu
1411 5505 1489 5562 coelo.
