4567 6425
814 738 1022 802 soruocns
1043 708 1292 801 ianuarum.

266 875 430 932 occisorum
452 889 621 951 probarum,
645 890 718 949 quos
737 870 888 929 scholiasta
911 869 1028 929 Pindari

267 964 306 1020 ad
318 963 436 1039 Olymp.
447 965 472 1033 Ι,
488 969 553 1031 art,
566 972 714 1018 memorat.
730 959 843 1017 oraculi
855 954 1029 1035 expositioni

267 1050 425 1107 convenire
444 1060 541 1106 censet
558 1066 673 1105 versum
697 1045 775 1124 apnd
791 1048 925 1121 Attium,
942 1064 1029 1123 quem

267 1138 369 1214 Pelopi
385 1135 505 1193 tribuit:

268 1266 329 1330 ligo
339 1270 373 1319 nt
381 1278 469 1318 essem
480 1259 573 1317 aliinis
583 1260 644 1328 tibi,
656 1276 712 1317 nou
723 1268 755 1317 ut
768 1268 796 1316 te
809 1262 1017 1333 exstinguerem,

268 1352 348 1398 tuam
360 1340 426 1414 petii
439 1348 561 1411 gnatam.

268 1453 435 1512 Crudelitas
453 1452 596 1511 OEnomai
613 1452 785 1512 describitur
801 1474 900 1525 versu,
919 1454 969 1533 qui
988 1468 1031 1513 est

269 1542 352 1619 apud
365 1542 529 1599 Athenarum
544 1544 598 1613 lx,
611 1560 640 1618 p.
654 1550 721 1613 tao,
732 1544 771 1601 C:
785 1542 852 1623 Σορ.
867 1541 1010 1619 Οἰνομάῳ·
1071 1585 1076 1595 .

268 1670 353 1751 [aaa]
366 1665 508 1733 Σκυθιστὶ
522 1665 741 1756 χειρόμακτρον
757 1667 983 1759 ἐκκεκαρμένος.

269 1801 381 1852 Versus
396 1792 556 1870 explicatur
576 1791 670 1869 glossa
692 1792 832 1869 Hesychii
856 1790 1030 1851 ιιΣκυθιστί

268 1880 470 1962 χιιρόμαιιτρον·
479 1904 493 1931 ν
510 1880 534 1938 οἰ
546 1879 646 1939 Σκύθαι
660 1882 713 1937 τῶν
724 1878 930 1958 λαμὸανομίνων
944 1882 971 1938 ἰν
983 1901 1032 1937 rto·

267 1969 362 2044 λίμσις
374 1966 516 2049 ἀνθρώπων
529 1964 575 2032 τὰς
587 1964 701 2046 κιραλίις
715 1966 860 2046 ἰκδίροντις
869 1974 921 2031 τοίς
935 1966 1032 2047 δέρμα-

268 2079 314 2113 σιν
321 2054 379 2113 ἀντὶ
385 2052 581 2138 χοιρομίκτρων
595 2056 801 2135 ἰχρῶντο.Τιιιιι
813 2054 929 2112 uomina
942 2055 1030 2112 iuter·

269 2156 417 2201 erutorum
444 2154 604 2199 memorata
629 2142 779 2214 videntur,
804 2155 837 2199 nt
860 2142 964 2219 Pelops
994 2142 1031 2199 ab

268 2234 393 2310 incepto
430 2232 597 2289 retineatur.
629 2234 754 2289 Frustra.
796 2230 1033 2309 Indignabuudus

268 2323 457 2378 0Enomaus:
553 2331 557 2339 '

326 2454 419 2521 Atque
429 2446 499 2503 banc
511 2454 650 2517 postremo
662 2445 729 2503 solis
740 2462 852 2503 usuram
865 2463 940 2521 cape.

270 2570 310 2623 Er
323 2561 430 2621 ‹leinde
451 2580 598 2639 praecones
616 2561 652 2619 ad
667 2562 744 2621 eires
758 2564 861 2637 mittit,
879 2579 912 2623 nt
933 2588 1034 2627 ornnes

270 2672 330 2731 pro
344 2670 396 2708 sua
406 2649 498 2707 salute
511 2648 588 2707 bona
603 2662 670 2707 vota
681 2650 807 2709 iaciant:

269 2772 330 2825 vos
341 2768 379 2823 ite
388 2775 512 2823 actutum
524 2773 607 2839 atque
619 2780 700 2838 opere
711 2783 810 2839 magno
822 2766 920 2827 edicite

270 2864 323 2921 per
333 2847 445 2914 urbem,
457 2855 490 2903 ut
499 2860 611 2911 omnes,
621 2848 666 2917 qni
679 2862 771 2903 arcem
781 2858 895 2923 astuque
905 2854 1035 2911 accolunt

270 2928 361 2991 eires,
374 2924 512 2982 ominibus
522 2922 621 2980 lanatis
633 2933 776 2995 augustam
789 2925 939 2988 adhibeant

270 3004 438 3071 larentiam,
452 3018 499 3060 ore
511 3003 639 3059 obscoena
653 3002 725 3060 dicta
738 3015 887 3079 segregent

270 3120 476 3201 Hippodamiae
484 3119 571 3178 verba
581 3121 733 3199 suntapud
741 3124 908 3185 Athenaeum
917 3132 999 3199 Xlll,
1006 3149 1032 3205 p.

274 3213 349 3284 664,
361 3214 385 3268 Β
396 3232 403 3266 :
416 3208 552 3290 Σοροκλῆς
562 3205 592 3266 δι’
608 3231 659 3268 που
672 3209 732 3289 arpi
744 3216 789 3270 τοῦ
800 3210 910 3281 κάλλους
923 3221 968 3275 τοῦ
981 3215 1036 3278 lla'·

270 3300 357 3363 λοπος
368 3293 553 3374 διαλιγομίνην
564 3295 676 3368 ποιήσας
686 3297 734 3370 τῆν
745 3296 933 3378 Ἱπποδάμειαν
946 3326 1019 3386 φησι·

271 3439 359 3521 [477]
374 3425 496 3500 'sordid'
507 3439 535 3502 ἰν
548 3431 613 3524 ὄψει
623 3438 723 3530 λόγγα
738 3435 921 3532 Θηρατηρίαν

369 3551 491 3642 ἔρωτος,
507 3550 665 3642 οἱστραπῆν
677 3554 734 3618 τιν’
751 3555 898 3645 ὀμμάτων
910 3559 983 3650 ἔχει·

367 3665 547 3732 ἐνθαλιιιται
562 3667 616 3755 μὲν
628 3667 733 3745 αὐτὸς,
750 3662 866 3757 ἐξοπτᾷ
876 3663 904 3736 d'
919 3674 986 3759 tpi,

366 3778 430 3846 ἴσον
446 3787 563 3870 μετρῶν
580 3781 746 3872 ὀρθαλμὸν,
763 3787 842 3849 ὥστε
857 3787 999 3865 τέκτονος

367 3892 451 3984 παρὰ
467 3893 605 3984 στάθμην
621 3893 720 3972 ἰόντος
736 3896 876 3988 ὀρθοῦται
887 3903 997 3966 κανών.

1225 534 1246 569 N

1784 752 1839 803 335

1082 884 1164 970 [474]
1180 864 1283 975 Ορκοιι
1300 876 1334 951 de
1350 864 1573 977 τρσστιθέντος,
1589 888 1804 977 ἐπιμιλιστέρα

1175 995 1256 1089 ψυχὴ
1274 1000 1418 1071 κατέστη·
1437 992 1528 1067 δισσὰ
1543 998 1600 1093 γὰρ
1615 1000 1813 1089 φυλάσσεται,

1177 1114 1269 1204 φίλων
1287 1138 1321 1180 τι
1342 1110 1452 1205 μέμψιν
1469 1114 1528 1193 κείς
1544 1112 1627 1191 θεοὺς
1647 1116 1837 1205 ἁμαρτάνειν.
1870 1162 1874 1175 .

1081 1252 1131 1305 Jus
1137 1248 1292 1325 jurandum
1303 1252 1432 1329 aPelopo
1439 1254 1559 1330 petitum
1568 1252 1839 1332 crediderim,quem

1082 1336 1274 1414 Hippodamia
1286 1356 1316 1395 se
1327 1336 1491 1415 adjuturam
1504 1360 1565 1397 esse
1580 1342 1751 1417 profitetur,
1767 1343 1789 1399 si
1805 1342 1842 1399 de

1082 1424 1161 1481 illins
1174 1444 1272 1482 amore
1284 1438 1361 1485 certa
1375 1426 1421 1485 sit.
1438 1428 1582 1487 lacertum
1596 1440 1639 1486 est
1659 1428 1706 1485 cni
1722 1432 1778 1487 sint
1796 1444 1841 1487 at-

1083 1510 1235 1571 tribuenda
1261 1511 1348 1573 verba
1369 1514 1447 1593 apud
1471 1515 1616 1575 Pollucem
1635 1518 1685 1591 X,
1709 1516 1766 1574 55:
1783 1514 1841 1587 Τῆν

1081 1596 1231 1679 gimpae...
1246 1596 1335 1679 ιίρηιιι
1349 1600 1486 1684 Σοφοκλῆς
1499 1602 1526 1659 ἰν
1540 1600 1684 1683 Οἰνομάῳ·

1345 1736 1426 1821 [475]
1443 1734 1498 1803 Διὰ
1512 1732 1650 1829 ψῆκτρας
1666 1741 1693 1804 σ’
1705 1742 1764 1831 ὁρῶ
1802 1758 1804 1763 ·

1083 1840 1191 1923 ξανθὴν
1202 1844 1370 1939 καθαίρονί’
1382 1848 1478 1915 ἵππου
1494 1853 1650 1941 αἰχμηρᾶς
1664 1852 1777 1941 τριχός.

1082 1982 1248 2041 Welckerus
1261 1982 1462 2061 Hippodamia
1475 1982 1596 2058 tribuit,
1613 1999 1765 2063 antequam
1778 2010 1844 2047 crr-

1084 2080 1178 2128 tamen
1193 2070 1334 2143 inibatur;
1347 2084 1376 2127 at
1394 2085 1516 2150 possunt
1530 2074 1617 2131 etiam
1636 2074 1749 2151 Pelopis
1765 2094 1843 2147 esse,

1083 2158 1187 2237 quibus
1200 2160 1324 2236 primum
1345 2160 1497 2235 Myrtilum
1518 2160 1688 2239 alloquitur,
1712 2175 1744 2219 nt
1768 2162 1845 2227 ΙιιιιιιΙ

1085 2247 1121 2303 ad
1136 2246 1265 2311 fraudem
1279 2247 1403 2305 inducat.
1418 2249 1491 2307 Huic
1505 2248 1569 2306 loco
1581 2248 1786 2308 adscribendus
1799 2250 1844 2307 vi-

1085 2333 1170 2391 detur
1185 2354 1282 2393 versus
1298 2336 1376 2413 apud
1389 2336 1484 2413 Apoll.
1499 2339 1543 2395 De
1554 2337 1725 2415 pronomine
1740 2356 1768 2415 p.
1780 2338 1846 2410 330,

1085 2423 1108 2480 B
1123 2420 1358 2503 τἈξιοπιστότιρος
1371 2427 1385 2482 ὁ
1398 2426 1534 2504 Σοφοκλῆς
1545 2425 1644 2503 μάρτυς
1654 2422 1846 2503 (pronominis

1083 2506 1111 2583 i)
1130 2508 1295 2589 χρησάμενος
1310 2512 1337 2569 ἰν
1355 2509 1499 2589 Οἰνομάῳ·
1520 2533 1570 2569 ιιι
1590 2534 1637 2589 μιν
1656 2535 1719 2571 unu
1734 2518 1846 2571 θασαονα

1084 2598 1265 2662 reluctaretur
1283 2601 1399 2657 uuida.-
1414 2599 1512 2657 schol.
1528 2604 1645 2659 Homer.
1660 2600 1696 2658 ad
1714 2600 1795 2659 llia'd.
1807 2605 1847 2671 X,

1086 2693 1143 2782 lpo
1154 2708 1162 2743 ι
1177 2684 1254 2751 Τινὲς
1268 2685 1299 2744 τὸ
1312 2685 1374 2745 draci
1387 2684 1429 2743 διλ
1441 2690 1486 2745 τοῦ
1498 2694 1508 2744 i
1521 2684 1649 2767 γράφουσι
1662 2686 1706 2743 καλ
1718 2685 1846 2745 δασύνου-

1085 2796 1125 2833 σιν
1143 2774 1307 2852 ἄντοινιμίοιν
1328 2773 1494 2855 ἰκδιχόμανοι
1516 2774 1603 2855 τρίτου
1625 2772 1766 2853 προσώπου
1787 2774 1847 2833 ἀντὶ

1084 2868 1131 2921 τοῦ
1144 2866 1179 2929 ὡς
1189 2860 1266 2935 αὐτῆ.
1278 2862 1348 2922 Ἀλλ’
1363 2864 1392 2921 οὔ
1407 2867 1504 2943 χρῆται
1516 2864 1582 2941 αὐτῇ
1597 2866 1611 2921 l
1624 2861 1742 2935 ποιητής.
1760 2864 1847 2943 Σιρο-

1084 2951 1150 3021 κλῆς
1169 2950 1316 3031 Οἰνομάῳ·
1335 2954 1376 3023 νῆ
1393 2950 1440 3027 pla
1453 2950 1516 3009 ὡσεὶ
1535 2949 1625 3009 tlon.
1642 2953 1660 3021 ν]
1677 2948 1704 3008 δὲ
1724 2948 1846 3017 οἰσιτίξου

1084 3039 1202 3095 παῖδα.»
1219 3041 1319 3117 ltaque
1338 3040 1538 3099 scribendum:

1140 3178 1222 3258 [476]
1245 3160 1270 3243 Η
1289 3176 1340 3266 μὲν
1358 3179 1397 3254 ὠς
1413 3170 1425 3240 i
1441 3172 1571 3260 ddacor’,
1587 3180 1606 3249 ι]
1624 3164 1654 3240 d’
1671 3179 1710 3252 ὡς
1730 3172 1742 3241 i
1763 3173 1847 3241 τέκοι

1734 3281 1844 3357 παῖδα.

1087 3431 1149 3489 Nisi
1163 3430 1237 3486 [orte
1248 3427 1288 3486 sic
1298 3425 1496 3486 scribendum:
1507 3423 1606 3498 uuid‘i
1615 3423 1662 3503 μίν
1671 3424 1724 3492 ὡς]
1732 3425 1848 3498 θοὶσσον’,

1087 3521 1104 3589 ἡ
1115 3517 1139 3574 δ’
1149 3513 1292 3582 artetur
1302 3521 1371 3588 Quae
1384 3527 1488 3574 matres
1498 3526 1574 3584 snat,
1584 3514 1692 3592 quaeda
1703 3513 1848 3570 celeritate

1087 3609 1211 3666 liliorum
1228 3625 1347 3664 snorum
1362 3605 1517 3682 disputant.
1541 3608 1722 3682 inpromptu
1742 3615 1785 3660 est
1804 3604 1847 3662 iu·

1088 3696 1214 3772 telligere
1226 3707 1330 3752 matres
1343 3711 1511 3771 procorum,
1528 3692 1581 3749 nisi
1596 3692 1694 3769 potius
1708 3690 1743 3748 ad
1758 3710 1849 3768 equos

1088 3783 1228 3842 OEuomai
1251 3783 1372 3852 reseras,
1395 3779 1499 3858 quibus
1518 3793 1550 3836 nt
1571 3779 1686 3836 nomina
1707 3779 1798 3836 Psiliae
1818 3791 1848 3836 et

1087 3871 1243 3949 Harpinnae
1261 3871 1370 3947 alaeque
1387 3867 1520 3938 luerunt,
1532 3865 1685 3944 probabile
1698 3879 1742 3923 est
1755 3866 1847 3923 illosa

1087 3957 1253 4036 vulgaribus
1266 3956 1397 4035 equabus
1410 3973 1468 4012 nou
1490 3973 1552 4012 esse
1569 3967 1733 4031 prognatos.
1747 3957 1847 4028 Neque

274 4037 324 4110 (V.
342 4052 354 4089 ι
372 4032 536 4092 Erfurdtins
547 4033 647 4112 λίγγα.)
660 4035 779 4095 Videtur
789 4039 982 4117 Hippodamia
992 4042 1038 4101 bis
1088 4043 1243 4104 absurdum
1258 4044 1398 4122 ejusmodi
1410 4055 1602 4100 corumentnm
1614 4053 1688 4100 esset
1702 4040 1738 4100 ad
1752 4041 1847 4100 admi-

272 4119 375 4178 verbis
390 4121 542 4198 Pelopem,
555 4135 708 4200 antequam
719 4123 749 4182 iu
761 4143 876 4184 suetiam
895 4133 1037 4204 processit
1088 4137 1226 4192 rationem
1242 4131 1431 4190 excitandam.
1447 4135 1505 4188 Nec
1524 4129 1609 4188 alieni
1630 4141 1723 4187 essent
1748 4147 1848 4188 versus

273 4210 320 4266 vel
339 4229 404 4267 cum
423 4209 471 4266 illa
494 4210 726 4288 colloquebatur,
742 4215 848 4271 nutrici
862 4217 908 4273 rel
928 4217 1037 4275 ancillae
1087 4219 1165 4299 apud
1177 4220 1310 4280 Attium:

273 4297 473 4372 mmm·
496 4297 622 4358 Differre
637 4299 742 4358 deinde
757 4301 797 4358 θη
818 4301 893 4360 ἰῃίω
915 4303 1036 4363 imm
1087 4341 1139 4397 Per
1152 4349 1178 4398 te
1191 4348 1254 4397 ante
1269 4347 1402 4398 Auroram
1414 4339 1551 4396 radiorum
1564 4338 1706 4396 ardentem
1719 4337 1847 4406 indicem,

272 4406 291 4443 a
312 4384 378 4475 rnrli
400 4385 491 4444 lirrma
511 4387 673 4464 principum
691 4388 822 4460 Graeciae,
845 4402 876 4448 ut
895 4406 939 4450 est
959 4389 1036 4470 apud
1088 4435 1172 4492 quum
1185 4435 1283 4476 „omno
1295 4419 1324 4476 qn
1337 4429 1457 4492 segetem
1469 4427 1588 4492 agrestes
1602 4427 1732 4475 commo,
1744 4419 1828 4488 ciem,

273 4471 387 4522 A¹¹¹⁰¹¹¹
401 4487 409 4520 ²
1087 4509 1120 4558 nt
1129 4501 1283 4557 rorulentas
1294 4509 1381 4556 terras
1394 4499 1467 4556 lerro
1479 4499 1599 4565 rosulas,

330 4581 448 4638 Horrida
461 4581 638 4640 bonestiurdo
650 4582 806 4656 principum
817 4583 907 4651 prinu
919 4601 950 4642 ex
963 4587 1035 4644 loco.
1087 4579 1265 4653 proscindant
1275 4579 1367 4651 glebas
1380 4595 1498 4652 atroque
1510 4595 1542 4635 ex
1555 4577 1630 4634 molli
1644 4576 1770 4633 excitent.

276 4703 369 4756 Recte
386 4699 592 4776 Hippodamiae
613 4697 819 4757 adscribuntur
841 4719 939 4758 versus
960 4702 1037 4779 apnd
1089 4699 1134 4757 ab
1147 4701 1340 4780 Hippodamia
1356 4701 1416 4758 lraec
1429 4701 1594 4758 Welckerus
1606 4698 1682 4757 dieta
1694 4709 1802 4774 censet,
1817 4711 1847 4756 nt

274 4785 424 4844 Stobaenm
436 4789 561 4859 xxiii,
576 4788 594 4842 6
609 4787 697 4866 εΣορ.
714 4785 900 4869 Ἱπποδαμιίρ·

330 5027 411 5085 Tales
422 5027 563 5086 illecebras
574 5030 603 5085 in
618 5030 713 5097 rultn,
729 5030 784 5085 rim
797 5031 948 5087 venaticam

331 5109 450 5174 amoris,
461 5109 599 5180 quoddam
612 5107 707 5180 fulgur
718 5107 860 5165 oculorum
871 5109 955 5182 gerit,

330 5187 469 5244 incalescit
479 5187 590 5260 quidem
602 5189 671 5262 ipse,
685 5189 733 5244 sed
747 5204 791 5244 me
803 5185 923 5260 dispicit,

333 5280 415 5336 aequo
426 5264 508 5322 oculo
521 5267 646 5334 metiens,
661 5275 694 5323 nt
704 5263 773 5322 labri

330 5341 367 5399 ad
376 5353 477 5400 rectam
485 5345 585 5402 lineam
595 5343 1036 5421 pmeedenusamnsstsoirtgitur.

626 5431 690 5480 tit.

275 5504 347 5562 lure
357 5503 474 5576 jurando
486 5499 551 5560 dato
565 5505 695 5560 attentior

1088 4790 1226 4868 Pelopem
1239 4792 1361 4862 excitet,
1373 4811 1431 4868 quo
1445 4796 1556 4848 Aurora
1576 4790 1697 4848 celerius
1716 4788 1848 4847 rebatur.

1062 4969 1067 5056 q
1089 4971 1167 5011 mens
1177 4955 1221 5022 tu3
1238 4953 1293 5011 dno
1306 4955 1379 5012 enim
1393 4963 1480 5022 earet,

1086 5035 1238 5091 amicornm
1249 5033 1486 5107 reprehensionem
1495 5041 1523 5090 et
1532 5031 1646 5090 deorum
1654 5031 1846 5088 allencionem.

1370 5172 1376 5184 .
1435 5137 1498 5188 475.

1510 5225 1619 5284 Pectine
1633 5233 1660 5282 te
1672 5224 1750 5282 rideo

1089 5303 1185 5360 lim-am
1195 5303 1289 5376 jubam
1299 5313 1459 5377 purgantem
1469 5305 1504 5362 ab
1515 5303 1632 5362 sordidis
1641 5304 1703 5376 σου]
1713 5305 1845 5362 cn'aibua.

1435 5417 1499 5468 ιιι.
1690 5387 1860 5480 [uncialis

1090 5503 1181 5560 Altera
1196 5521 1276 5562 snum
1291 5504 1379 5562 lilium
1392 5505 1567 5576 mlariorem,
1579 5505 1662 5564 altera
1672 5519 1753 5562 sunm
1767 5513 1852 5574 pepe·
