4567 6425
822 712 1030 775 sorfloctts
1053 714 1303 784 FRAGMENTA.

270 837 366 899 tenerit.
380 840 476 903 Strab.
495 864 524 922 p
545 845 623 901 608ι
636 842 751 920 sorar
765 868 808 901 ουν
822 842 963 923 Ἀντήνορα
982 844 1026 902 καὶ

268 928 328 994 τοὺς
344 931 441 998 παῖδας
462 930 584 1007 perd
548 955 600 989 των
621 930 867 1011 παραγενομένων*
872 934 972 990 tauto
993 933 1028 999 alr

268 1013 317 1083 vla
330 1014 441 1096 Θρᾴκην
456 1022 647 1096 περισωθῆναι
661 1020 806 1077 κάκεῖθεν
791 1027 922 1076 διαπεσεῖν
934 1020 969 1084 εἰς
981 1016 1028 1088 τὴν

268 1102 414 1177 )·γαεένην
432 1105 499 1161 κατὰ
518 1104 567 1177 τὴν
586 1105 688 1187 Ἀδρίαν
705 1105 852 1175 Ενιτιιιην.
874 1106 973 1180 Polyb.
989 1111 1028 1177 11,

273 1208 318 1259 ις,
333 1194 371 1246 6ι
384 1186 501 1269 Παρίων
512 1195 573 1250 ol
556 1192 779 1273 αραγῳδιαγρδραι
797 1191 879 1251 πολύν
902 1216 960 1251 τινα
981 1216 1029 1251 πε-

268 1277 395 1347 ποίηνται
416 1278 494 1351 λόγον
520 1279 565 1338 καὶ
584 1280 685 1351 πολλὴν
709 1281 866 1339 διατίθενται
883 1282 1027 1359 τερατείαν.

270 1364 314 1421 Cl'.
333 1367 396 1422 Liv.
408 1371 431 1439 1,
448 1389 472 1426 ι.

308 1452 396 1528 TroJ'a
409 1468 506 1532 capta,
518 1456 550 1514 in
562 1474 618 1533 qun
635 1465 763 1514 Antenor
778 1461 894 1513 Graecos
907 1456 1029 1514 multum

268 1538 392 1615 siliunt,
405 1543 476 1620 quid
491 1546 592 1602 minim
605 1544 797 1621 inlaqueando
811 1544 847 1601 de
860 1545 982 1621 captivis
993 1546 1030 1603 de

270 1628 364 1701 iisque
385 1631 437 1706 qni
457 1630 588 1689 hostibus
608 1633 716 1690 auxilio
736 1630 865 1706 fuerant,
878 1651 895 1689 a
907 1634 1028 1706 Graecis,

269 1717 373 1790 quid''
353 1736 390 1774 us
403 1719 563 1777 laciendum
575 1734 664 1793 esset,
679 1719 912 1789 constituebatur,
932 1741 956 1779 st
949 1722 1030 1782 An-

271 1804 413 1861 tenoridae
424 1808 540 1883 praemia
559 1821 725 1885 poscerent,
746 1806 926 1884 urbemque
919 1822 1029 1866 instau-

270 1891 393 1951 randam
408 1905 550 1970 peterent,
568 1895 649 1972 qu'us
664 1915 720 1953 una
737 1896 853 1952 illorum
865 1896 991 1953 domus
982 1916 1030 1954 tn-

269 1979 394 2037 columis
412 1984 563 2040 remansit?
576 1988 639 2041 lam
664 2002 733 2040 iero
746 1983 832 2039 etiam
846 1982 877 2039 iu
894 1983 949 2040 illis
968 2004 1031 2041 sors

271 2066 455 2139 proditorum
476 2070 653 2127 manifestata
668 2084 712 2127 est
716 2088 868 2169 ,quorum
890 2083 970 2147 grata
988 2084 1031 2129 est

269 2174 362 2231 opera
382 2156 453 2213 ditm
478 2157 620 2233 poscitur,
638 2156 730 2213 inrisa
753 2157 870 2232 negotio
887 2158 1028 2217 consecto.

271 2244 429 2301 Antenoris
444 2263 546 2321 magna
561 2244 663 2301 merita
677 2246 802 2316 fuerunt,
815 2257 845 2301 at
863 2244 916 2302 luit
932 2246 1031 2321 prodi-

270 2344 316 2387 tor
327 2330 488 2409 enrlemque
499 2332 618 2409 perfidia
630 2331 785 2409 aliquando
796 2332 882 2395 etiam
894 2332 1031 2392 adversus

269 2424 404 2493 Graecos,
426 2420 530 2497 quibus
558 2420 707 2497 bucusque
730 2418 840 2477 auxilio
860 2420 966 2491 luerat,
988 2422 1031 2480 uti

271 2506 378 2581 potuit.

308 2596 457 2665 Quocirca
487 2596 625 2655 credibile
652 2608 695 2654 est
721 2608 782 2672 trag
766 2596 865 2654 eoediae
895 2598 1031 2676 majorem

271 2696 386 2759 partem
395 2685 424 2741 in
432 2683 544 2760 judicio
554 2684 806 2757 Antenoridarum,
817 2695 913 2742 utrum
925 2686 953 2742 iu
962 2706 1031 2763 agro

270 2770 402 2846 Trojano
423 2770 603 2848 relinquendi
624 2772 803 2849 praemiisque
823 2772 964 2830 afficiendi
987 2794 1032 2831 es·

270 2872 351 2929 sent,
367 2878 405 2916 an
418 2856 580 2935 expellendi
599 2858 629 2915 in
649 2858 734 2917 aliani
755 2870 874 2929 terram,
891 2872 1031 2917 versatam

270 2968 345 3004 esse.
371 2952 468 3005 Duces
488 2966 579 3024 quum
613 2945 818 3004 beneficiorum
846 2959 1031 3023 acceptorum

271 3053 417 3093 memores
431 3034 503 3092 nibil
521 3034 557 3092 de
574 3035 609 3091 iis
627 3035 855 3105 constituissent,
873 3054 889 3091 a
906 3036 1031 3111 populo,

270 3124 318 3195 ‹Jui
332 3122 526 3181 Antenoridas
537 3123 566 3179 in
581 3122 707 3180 bostium
729 3121 793 3179 loco
809 3121 926 3195 babuit,
947 3142 1032 3181 causa

269 3210 430 3288 dijudicata
453 3213 540 3270 fuisse
564 3208 686 3269 videtur.
720 3214 781 3267 Hac
804 3211 915 3268 ratione
937 3210 1032 3268 omnia

270 3300 389 3375 egregie
403 3299 586 3357 conueniunt.
598 3305 730 3357 Antenor
741 3296 879 3374 Troianus
899 3298 967 3368 suit,
986 3298 1032 3355 id-

271 3407 369 3464 eoque
383 3387 490 3454 bostisJ
503 3387 611 3445 Graecis
623 3387 731 3443 auxilio
743 3385 806 3457 luit,
822 3383 946 3462 ideoque
958 3387 1032 3442 anri-

271 3497 328 3532 cus.
358 3480 471 3532 Ducum
495 3475 586 3551 igitur
609 3493 693 3552 pares
717 3473 881 3542 sententiam
908 3474 1033 3550 populus

271 3577 370 3621 autem
389 3583 447 3620 non
467 3574 549 3620 cruat
564 3561 702 3620 beneficia
726 3561 755 3619 in
776 3561 952 3638 potentiores
970 3562 1031 3620 col·

271 3653 337 3710 lotn.
352 3655 420 3709 Non
439 3671 505 3708 curn
519 3649 625 3709 Graecis
645 3658 772 3707 Antenor
791 3668 808 3706 e
829 3649 921 3724 patria
942 3649 1032 3726 proli·

271 3741 400 3812 ciseium,
414 3761 431 3796 a
445 3737 550 3815 quibus
565 3736 669 3814 injurio
689 3759 719 3796 se
738 3732 873 3794 allectum
894 3737 1033 3812 conqueri

272 3830 379 3904 potuit,
394 3847 454 3885 nou
466 3845 531 3884 cum
545 3830 636 3882 AEnea
654 3825 854 3902 Trojanisque,
866 3823 972 3900 quibus
988 3826 1033 3880 in-

272 3917 348 3974 visus
362 3915 428 3988 luit,
441 3913 493 3974 sed
505 3933 570 3972 cum
583 3914 707 3985 Venetis,
721 3913 837 3990 quibus,
851 3932 941 3990 quum
953 3914 1033 3972 auxi·

272 4004 342 4062 liom
362 4003 501 4080 Trojanis
521 4001 608 4058 laturi
633 4002 795 4072 venissent,
820 4013 853 4056 ut
872 3999 1031 4076 Trojaous,

272 4093 383 4150 amiciis
397 4092 461 4162 tuit,
472 4111 567 4167 neque
582 4091 701 4159 invisus,
712 4092 781 4165 quia
792 4089 955 4146 certaminis
970 4108 1033 4165 par-

273 4180 375 4256 ticipes
387 4199 448 4236 non
463 4177 587 4235 luerunt.
595 4178 763 4236 Necessario
779 4189 874 4234 autem
891 4175 922 4233 bi
934 4176 963 4232 in
979 4189 1034 4233 tra·

271 4267 396 4342 gerdiam
408 4263 678 4334 introducebantur,
687 4277 721 4321 ut
738 4275 969 4340 cognosceretur,
981 4282 1034 4319 cur

271 4359 399 4411 Antenor
407 4372 475 4411 cum
488 4351 555 4409 liliis
564 4353 592 4409 in
602 4351 826 4410 remotissimum
840 4350 925 4408 maris
936 4349 1034 4408 Adria·

273 4443 321 4497 tiri
339 4441 436 4498 sinum
450 4459 514 4498 sese
529 4439 685 4497 conferret.

311 4532 359 4586 lle
378 4527 587 4606 compositione
608 4526 750 4626 tragoediae
769 4524 840 4583 nihil
861 4524 919 4582 dici
940 4537 1035 4601 potest

272 4619 326 4674 nisi
341 4621 518 4674 Venetorum
535 4615 660 4672 ducem
652 4615 736 4672 initio
751 4613 947 4671 introductum
962 4632 1034 4684 esse,

271 4707 322 4778 qui
340 4705 463 4760 fortasse
483 4723 518 4760 ea
532 4703 595 4779 ipsa
607 4716 692 4760 nocte
710 4721 767 4777 qua
784 4699 871 4775 Troju
894 4713 978 4776 cepta
991 4716 1035 4759 est

271 4794 307 4848 nd
322 4805 429 4848 terram
441 4791 564 4868 appulit.
579 4795 622 4848 De
634 4789 764 4867 personis
781 4788 852 4845 nihil
868 4799 968 4846 uotum
983 4802 1034 4846 est.

273 4879 520 4938 Antenoridarum
541 4879 647 4936 chorus
670 4877 790 4934 sortasse
805 4875 873 4941 luit,
887 4877 911 4933 si
931 4897 968 4932 ex
982 4896 1034 4932 no-

274 4971 351 5025 mine
371 4967 538 5044 conjectura
557 4967 620 5043 copi
641 4978 746 5042 potest.
767 4968 942 5020 Venetorum
957 4963 1034 5031 duci,

273 5057 334 5130 qni,
352 5073 438 5131 quam
453 5054 494 5112 ob
515 5074 575 5110 rem
592 5054 721 5121 venerit,
742 5049 840 5109 verbis
849 5047 1035 5126 jactabundis

273 5146 418 5220 esposuit,
434 5144 514 5222 (ριιίιίι
515 5163 553 5200 rm
567 5162 667 5200 versus
679 5141 750 5200 Attii
764 5141 955 5198 conveniunt:

624 5397 683 5446 tto.

348 5485 434 5537 llomo
447 5489 491 5537 est
505 5480 585 5538 tlatrrs
597 5488 625 5534 et
636 5477 734 5534 umbra
745 5477 846 5534 solum.

1781 742 1835 795 275

1118 850 1239 921 Namque
1251 851 1305 909 ltue
1318 853 1430 910 advenio
1444 861 1475 911 ut
1486 870 1544 911 men
1557 868 1607 926 ope
1619 872 1684 928 opes
1695 860 1784 933 TroJ'to
1798 862 1836 916 lu-

1535 942 1637 1005 tegretu
1655 952 1661 988 :

1084 1010 1112 1054 et

1117 1114 1244 1169 Fortasse
1260 1130 1294 1169 ou
1308 1116 1364 1171 slot
1377 1130 1446 1189 quos
1461 1114 1506 1173 lile
1519 1126 1615 1175 mertet
1626 1129 1731 1186 metns;

1084 1214 1210 1273 deinde'
1203 1232 1328 1275 incertus
1341 1219 1411 1295 quid
1428 1218 1523 1293 breint,
1537 1242 1607 1279 nuni
1624 1226 1719 1281 statim
1736 1244 1838 1302 aggre-

1083 1302 1179 1361 diatur
1192 1305 1304 1363 hostes:

1118 1434 1191 1504 Quin
1204 1442 1253 1489 aut
1267 1430 1375 1490 illorum
1390 1434 1417 1489 ln
1432 1450 1528 1507 campo
1540 1434 1654 1491 lundam
1668 1438 1759 1507 rapias

1119 1520 1167 1568 aut
1179 1528 1261 1569 nares
1276 1528 1352 1568 uram
1367 1520 1416 1568 aut
1428 1522 1515 1569 castra
1529 1514 1673 1571 mactabo'
1666 1530 1694 1571 ιιι
1708 1532 1793 1573 snare.

1083 1641 1170 1700 Sed'
1158 1662 1217 1719 Jurn
1241 1642 1363 1700 sinistris
1365 1641 1561 1723 quibasdam
1590 1646 1677 1721 signis
1703 1658 1839 1716 terretur,

1084 1729 1189 1804 quibus
1213 1750 1300 1807 quum
1322 1745 1481 1787 commotus
1502 1732 1539 1787 sit
1559 1732 1770 1803 vehementius,
1793 1735 1839 1791 die

1055 1808 1060 1892 Ι
1084 1830 1241 1893 apparente
1254 1817 1389 1876 nuncium
1435 1819 1463 1875 ui
1480 1816 1597 1895 Trojam
1610 1832 1721 1897 captam
1742 1822 1840 1897 refert,

1084 1906 1181 1961 videt:

1120 2014 1174 2070 Sed
1187 2014 1249 2087 quis
1261 2014 1305 2071 bio
1318 2016 1417 2088 estqui
1431 2016 1596 2071 matutinum
1610 2030 1720 2075 cursum
1734 2019 1788 2075 hue
1801 2036 1841 2077 ce·

1448 2094 1566 2151 letanter
1578 2096 1666 2169 rapit?

1085 2213 1128 2267 Ita
1145 2209 1194 2285 qui
1208 2208 1294 2267 modo
1311 2216 1425 2269 Graecos
1439 2231 1469 2270 se
1483 2230 1650 2269 eversurum
1665 2231 1727 2270 esse
1747 2232 1842 2289 spera·

1085 2296 1142 2367 vit,
1151 2294 1210 2372 jam
1223 2308 1265 2353 est
1283 2298 1323 2354 ita
1343 2300 1373 2355 in
1390 2297 1506 2356 illorum
1529 2316 1625 2367 manu,
1647 2311 1678 2355 ut
1701 2300 1840 2377 quidquid

1084 2384 1269 2455 constituant,
1281 2385 1308 2442 ei
1325 2386 1362 2443 sit
1372 2385 1583 2462 accipiendum.
1595 2390 1664 2461 Quae
1677 2384 1781 2445 deinde
1796 2408 1843 2445 se-

1085 2485 1150 2529 cuta
1166 2472 1239 2539 sint,
1254 2473 1382 2550 ignotum
1397 2485 1454 2545 est,
1465 2474 1520 2531 nisi
1533 2472 1610 2550 quod
1626 2493 1714 2531 uuum
1728 2494 1842 2533 versum
1938 2462 1941 2469 ¹

1086 2559 1234 2617 tribuerim
1247 2560 1387 2618 Antenori
1399 2580 1450 2617 sna
1463 2561 1563 2618 merita
1575 2560 1754 2639 praedicanti,
1764 2564 1842 2640 quod

1086 2646 1177 2704 lacem
1191 2648 1301 2704 tollenti
1313 2647 1536 2706 Sinoni-auxilio
1550 2648 1643 2706 luerit.
1659 2652 1748 2707 Vocat
1767 2652 1842 2709 illam

1087 2734 1175 2792 lacera
1189 2734 1303 2812 (Athen.
1319 2738 1372 2807 xt,
1385 2755 1416 2811 p.
1429 2736 1495 2807 373,
1512 2734 1566 2811 DJ:

1086 2875 1169 2953 [152]
1195 2854 1307 2961 ὁρνιδα
1322 2869 1373 2935 καὶ
1388 2875 1502 2961 κη’ριιιια
1518 2868 1569 2935 καὶ
1585 2861 1735 2938 διάκονον.

1040 3034 1044 3041 -
1085 3006 1289 3082 Agamemnoni
1307 3004 1456 3065 tribuerim
1470 3024 1582 3064 versiam
1594 3005 1683 3063 Attii:

1469 3128 1513 3188 Ad
1525 3132 1654 3205 populum
1667 3130 1795 3205 intellege

1121 3208 1315 3343 pelorundum,
1329 3210 1458 3284 quonium
1469 3210 1567 3268 horum
1579 3213 1693 3286 aquiter
1702 3214 1844 3272 sententie

1134 3303 1208 3344 uere.
1313 3303 1320 3318 ¹

1087 3415 1211 3492 Reliqua
1236 3413 1391 3489 fragmenta
1421 3409 1589 3470 obscuriora
1609 3425 1675 3470 suat
1698 3432 1783 3489 qnam
1811 3426 1842 3471 ut

1086 3505 1223 3581 explicari
1239 3502 1358 3579 possint.
1370 3501 1505 3576 Hesyeb,
1520 3495 1602 3582 [153]
1612 3501 1844 3582 ιδριψιαααίμηι,ι

1086 3589 1256 3670 ἀρωμίληαα,
1272 3590 1389 3644 lrrrtasse
1401 3589 1557 3645 Antenoris
1570 3601 1623 3661 est,
1636 3587 1687 3664 qui
1700 3607 1717 3646 a
1732 3589 1844 3646 Priamo

1087 3697 1117 3735 se
1128 3677 1278 3734 recessisse
1289 3677 1328 3732 ait
1346 3673 1436 3752 idque
1448 3674 1539 3734 refert
1560 3675 1635 3732 iuter
1655 3675 1754 3732 laudes
1771 3695 1843 3732 sarus.

1087 3765 1199 3823 Deinde
1213 3765 1287 3821 idem
1303 3763 1438 3839 Hesych.‚
1457 3757 1539 3845 [tttl
1549 3789 1562 3814 a
1572 3761 1746 3834 ixdadtiiaa»
1765 3761 1844 3820 lara·

1086 3853 1185 3912 Asiisur.
1204 3853 1236 3910 Σ.
1250 3854 1276 3910 ir
1291 3849 1490 3932 Ἀντηνορίδαις.

1399 4021 1529 4044 *⁴00*

1370 4119 1559 4182 CAPTIVAE.

1126 4263 1359 4332 «Argumentum
1378 4250 1534 4328 eTrojana
1559 4248 1679 4308 historia
1697 4260 1843 4323 sumptum

1086 4345 1170 4402 docet
1184 4355 1285 4402 auctor
1297 4339 1493 4416 hypotheseos
1507 4336 1610 4412 AJ'acis.
1622 4332 1752 4412 Agebant
1767 4335 1795 4392 in
1810 4354 1844 4392 ea

1087 4431 1219 4508 Trojanae
1231 4429 1364 4487 mulieres
1375 4427 1506 4503 captivae,
1518 4437 1550 4482 ut
1563 4425 1591 4482 in
1603 4423 1720 4482 Troasin
1734 4424 1831 4480 Euri
1805 4441 1845 4497 pr

1088 4521 1151 4578 dis:
1172 4518 1222 4577 sed
1235 4517 1348 4592 diversa
1368 4513 1421 4572 luit
1435 4512 1576 4570 tractandi
1595 4512 1666 4570 ratio
1681 4529 1766 4587 quam
1783 4511 1846 4567 iniit

1088 4607 1253 4685 Sophocles.
1272 4585 1417 4678 Quantum
1435 4603 1510 4658 enim
1533 4620 1569 4659 ex
1582 4619 1692 4678 exiguis
1717 4597 1845 4672 reliquiis

1087 4694 1301 4773 conjicerelicet
1304 4692 1470 4767 ,satyricum
1481 4689 1537 4746 suit
1548 4692 1601 4748 hoc
1611 4687 1741 4744 drama.»
1751 4687 1846 4740 Brun-

1087 4787 1168 4841 είηὶιιι
1179 4780 1401 4844 ,Grammaticus
1430 4777 1480 4854 qui
1504 4776 1619 4852 scripsit
1646 4785 1845 4850 argumentum

1088 4871 1194 4950 Ajacis,
1204 4883 1272 4928 satis
1282 4867 1402 4925 idoneus
1419 4865 1496 4922 testis
1505 4877 1549 4922 est
1559 4863 1682 4921 labulatn
1694 4857 1843 4936 satyricam

1088 4981 1147 5016 non
1162 4959 1256 5016 luisse
1279 4955 1364 5014 Multi
1386 4952 1560 5012 Bruuclrium
1575 4949 1664 5008 secuti
1681 4960 1756 5006 sunt.
1776 4951 1843 5004 Fra-

1087 5059 1202 5123 gmenta
1210 5057 1305 5102 autem
1317 5055 1373 5100 tam
1384 5053 1449 5098 sunt
1459 5041 1615 5109 incestant
1626 5041 1672 5094 rix
1680 5034 1844 5112 conjectura

1088 5136 1264 5212 assequaris,
1285 5130 1353 5209 quid
1375 5141 1459 5208 poet-r
1476 5129 1504 5185 iu
1525 5125 1661 5203 tragoediu
1678 5121 1846 5200 exposuerit

1439 5383 1498 5432 152.

1159 5472 1309 5550 Augurium
1325 5477 1352 5524 et
1366 5481 1516 5540 praeooneru
1532 5473 1558 5520 et
1572 5461 1739 5582 adjutorepp⁵
