4567 6425
828 764 1037 827 sorfloctls
1057 764 1310 830 FRAGMENTA.

274 892 318 948 ari
333 892 483 965 ὑπονοηθεὶς
497 894 548 953 ὑπὸ
561 899 607 951 τοῦ
620 894 716 975 πατρὸς
728 897 887 974 Τελαμῶνος
904 897 941 962 ὥς
954 894 1036 960 αἴτιος

274 978 386 1055 γεγονὼς
397 988 442 1040 τοῦ
454 982 531 1063 φόνου
541 987 587 1040 τοῦ
600 980 718 1049 Αἴαντος,
729 981 817 1063 φυγὼν
831 981 911 1064 ᾤκισε
923 983 969 1052 τὴν
981 982 1035 1041 liri·

274 1089 338 1141 προν
352 1066 397 1125 καὶ
408 1067 483 1148 ἔσχεν
498 1071 577 1141 αὐτῆς
590 1067 637 1140 τὴν
650 1068 744 1151 ἀρχὴν,
761 1072 850 1128 scbol.
861 1071 940 1128 Pind.
951 1076 1033 1129 Nem.

275 1167 301 1223 θ,
318 1156 367 1213 68.
393 1154 473 1216 Ἔστι
487 1156 514 1215 δὲ
525 1163 570 1215 τοῦ
580 1159 710 1238 Πειραιῶς
721 1156 785 1238 πρὸς
799 1156 916 1237 θαλάσσῃ
931 1159 1037 1239 Φρεατ-

275 1240 335 1307 cir
365 1244 473 1303 ἐνταῦθα
494 1248 518 1303 oi
532 1243 706 1325 πεφευγότες,
722 1245 754 1318 ἢν
770 1246 928 1311 ἀπελθόντας
949 1243 1035 1325 ἕτερον

275 1336 340 1408 opii<
359 1330 473 1411 όπιλόόῃ
495 1330 636 1410 ἔγκλημα,
658 1332 721 1413 πρὸς
741 1333 921 1413 ἀκροωμένους
939 1336 969 1391 ἐκ
988 1336 1035 1403 τῆς

274 1419 319 1490 γῆς
338 1417 393 1477 ἀπὸ
406 1418 470 1487 νεὼς
482 1422 680 1499 ἀπολογῶνται.
707 1422 824 1504 Τεῦκρον
841 1425 943 1499 πρῶτον
961 1417 1036 1498 λόγος

275 1505 328 1581 ἔχει
342 1508 487 1586 Τελαμῶνι
508 1506 589 1571 οὕτως
610 1506 825 1585 ἀπολογήσασθαι
840 1507 920 1586 μηδὲν
944 1510 969 1574 ἐς
991 1507 1035 1567 τὸν

274 1592 385 1658 Αἴαντος
398 1594 506 1653 θάνατον
521 1595 666 1676 ιῖργόσθαι,
680 1601 800 1655 Pausan.
812 1601 836 1667 1,
850 1598 897 1667 28,
916 1616 958 1653 ta.
970 1602 1034 1654 Me·

274 1682 415 1741 rnorabile
427 1699 469 1741 est
487 1685 543 1742 hoc
555 1685 702 1743 Pausaniae
721 1686 933 1756 testimonium,
955 1685 1034 1761 quod

274 1768 359 1826 docet
372 1771 475 1829 Teucri
493 1770 688 1829 defensionem
707 1792 744 1829 ex
761 1773 880 1849 antiqua
899 1773 1036 1830 memoria

276 1860 426 1932 repetitam
450 1880 518 1917 esse.
541 1860 661 1918 Videtur
683 1873 777 1918 tamen
797 1860 864 1917 iuric
892 1861 1036 1937 tragrrdiae

276 1946 370 2003 minin·
396 1949 571 2022 convenire,
604 1963 636 2006 ιιι
656 1950 685 2006 iu
710 1954 854 2025 Eurysace
877 1949 1035 2008 docuimus.

275 2036 363 2091 llulta
386 2056 453 2093 rero
469 2057 506 2093 ex
529 2035 591 2107 his,
611 2058 675 2113 quae
688 2057 724 2095 ex
741 2038 825 2094 t‘ariis
848 2038 1035 2116 scriptoribus

276 2123 441 2194 retulimus,
462 2124 620 2201 Sophocles
632 2124 795 2182 subindicat
814 2124 844 2182 in
863 2125 948 2201 Ajace
966 2126 1035 2183 Fla-

274 2211 411 2286 gelliiero.
423 2216 606 2287 Eurysacesa
620 2226 700 2289 patre
711 2218 824 2271 Teucro
839 2214 970 2286 traditur,
981 2234 1034 2271 ne-

275 2321 329 2377 que
349 2301 396 2357 nic
412 2313 543 2370 recusat,
563 2301 642 2378 quod
664 2314 781 2378 rogatur
801 2302 913 2372 incere3
934 2321 1033 2360 verum

276 2389 415 2464 praevidet
440 2388 627 2449 Telamonem
661 2388 791 2447 fraudem
818 2402 1035 2467 suspectorum,

274 2500 328 2553 qua
350 2480 414 2555 ipse
434 2497 554 2555 regnum
576 2492 641 2555 post
664 2480 758 2536 fratris
776 2478 887 2537 obitum
905 2482 942 2537 sit
961 2481 1035 2537 aile-

274 2580 409 2625 ctatmus.
421 2567 484 2624 Vid.
499 2569 576 2644 Ajac.
587 2588 612 2622 ν.
624 2568 765 2643 982-998.
780 2572 824 2626 Ex
839 2567 944 2645 quibus
954 2568 977 2625 si
987 2589 1035 2625 ar-

274 2668 439 2729 gumentum
451 2674 613 2732 quaeramus
624 2655 786 2731 tragoediae,
807 2658 978 2733 comparatis
987 2662 1036 2712 So-

274 2743 385 2819 plroclis
407 2744 575 2820 fragmentis
597 2742 679 2801 valde
699 2755 742 2801 est
759 2742 911 2820 probabile
929 2746 1033 2801 Tencn'

275 2830 396 2888 reditum
419 2832 449 2888 in
464 2830 603 2908 patriam,
622 2831 717 2888 statim
737 2845 801 2908 post
822 2844 1034 2908 tempestatem,

274 2938 328 2995 qna
343 2919 416 2994 Ajax
428 2920 538 2978 Locrus
549 2918 703 2991 interierit,
722 2918 918 2977 defensionem
934 2920 1034 2977 adrer-

274 3027 320 3063 sus
334 3008 467 3073 crimina,
487 3024 552 3083 quae
567 3018 649 3082 pater
665 3007 692 3063 ei
710 3004 860 3082 objecerit,
882 3007 1036 3084 proiectio-

274 3116 336 3150 nem
352 3096 381 3150 in
394 3095 512 3152 exilium
523 3115 540 3151 a
553 3106 638 3170 poeta
654 3114 715 3151 esse
728 3095 896 3171 expositam.

309 3188 354 3240 De
369 3182 514 3260 tragediae
526 3182 767 3254 corilomratione,
788 3202 876 3260 qrram
896 3196 980 3261 poeta
998 3185 1035 3242 sit

275 3284 401 3336 secutus,
424 3271 555 3347 (juariam
576 3271 642 3326 iicet
666 3269 855 3347 probabiliter
880 3271 1033 3346 conjicere.

275 3361 403 3430 Teucer,
426 3357 455 3414 id
477 3355 555 3432 quod
571 3377 675 3414 nomen
692 3359 796 3428 docet,
817 3370 879 3415 erat
898 3358 1035 3436 primaria

275 3468 405 3524 persona.
427 3447 526 3505 Rediit
536 3446 681 3506 Salamina
691 3460 791 3503 eontra
811 3447 964 3524 imperium
981 3467 1034 3524 pa-

276 3540 334 3606 tris,
353 3538 479 3613 ideoque
489 3535 526 3594 ab
537 3537 593 3593 boc
603 3581 611 3607 ,
622 3535 673 3612 qui
689 3536 716 3592 ei
730 3534 769 3592 ob
783 3535 918 3594 omissam
939 3535 1034 3593 fratris

275 3626 411 3683 ultionem
424 3625 576 3694 irascitur,
596 3623 669 3680 rnale
680 3622 828 3699 accipitur.
850 3623 990 3679 Telamon
1003 3636 1035 3680 nt

276 3713 414 3788 potiorem
431 3711 522 3768 lilium
537 3731 575 3768 ex
590 3710 717 3787 legitima
734 3708 857 3785 conjuge
871 3721 970 3766 natum
983 3709 1035 3767 de-

275 3801 336 3871 llet,
350 3801 390 3857 ita
409 3811 479 3856 natu
501 3799 682 3866 inferiorem,
704 3817 790 3874 quem
808 3816 889 3854 serva
912 3801 1034 3874 peperit,

275 3900 447 3946 exsecratur.
476 3890 522 3944 lra
545 3885 574 3944 in
597 3885 686 3943 altera
707 3898 787 3960 parte
801 3897 863 3957 est,
894 3883 924 3942 in
946 3886 1034 3944 altera

276 3995 343 4032 sero
367 3974 575 4034 misericordia.
603 3979 674 4046 Quae
702 3985 808 4050 praeter
831 3972 883 4030 bas
904 3991 1035 4049 personae

276 4065 399 4134 inerint,
420 4064 561 4121 incertum
583 4075 644 4130 est,
667 4061 722 4118 uisi
739 4059 819 4139 ιγιιοό
834 4060 971 4118 credibile
991 4073 1034 4118 est

276 4155 386 4210 Oileum
402 4171 418 4209 a
438 4150 584 4227 Sophocle
607 4169 669 4206 esse
686 4148 903 4220 introductum,
917 4149 981 4225 qui,
1003 4161 1035 4207 ut

276 4242 471 4298 consolaretur
491 4239 697 4308 Telamonem,
716 4236 753 4293 ad
778 4255 845 4294 eum
862 4237 1035 4313 pervenerit,

278 4343 306 4386 nt
322 4331 427 4386 iactum
440 4338 483 4384 est
497 4347 514 4382 a
526 4325 669 4390 Pacuvio,
695 4343 779 4401 quem
797 4324 893 4381 latinis
906 4323 1035 4382 versibus

276 4436 394 4492 gratam
415 4413 584 4490 tragediam
605 4411 763 4470 rualdldisse
788 4423 902 4488 putant.
931 4411 1035 4487 Conje-

277 4519 354 4562 ctura
368 4505 447 4562 nullo
462 4502 550 4561 modo
564 4499 718 4578 rejicienda
734 4520 795 4558 csse
807 4501 948 4571 videatur,
967 4501 1034 4578 quia

279 4607 309 4649 ut
318 4592 416 4668 Ajaecs
426 4591 502 4650 bello
514 4603 596 4648 erant
609 4589 691 4660 socii,
712 4589 751 4646 ita
769 4609 828 4646 non
842 4590 972 4666 ineptum
983 4590 1036 4647 luit

278 4694 385 4757 patrem
397 4680 514 4738 alterius
525 4678 638 4736 Oilcum
655 4676 754 4734 audito
769 4675 865 4753 Aiacis
875 4677 1037 4736 'l'elamnnii

278 4767 436 4826 interitnad
449 4765 536 4844 hujus
547 4777 657 4841 patrem
671 4765 853 4822 Telamonem
870 4764 1036 4822 consolandi

278 4875 360 4914 cansa
378 4853 540 4913 accessisse.
568 4857 671 4930 Magna
692 4852 721 4908 vi
746 4851 848 4927 procul
876 4850 966 4909 dubio
989 4851 1037 4908 bic

279 4945 356 5001 loem
377 4964 396 5003 a
420 4955 507 5022 poeta
534 4942 590 4999 fuit
619 4958 789 5018 expressus,
815 4959 875 5016 quo
897 4940 1035 4999 Telamon

279 5052 387 5088 onmem
411 5030 506 5108 rejicit
526 5028 752 5086 consolationem
775 5041 805 5086 et
824 5028 924 5087 Oileus
949 5029 1036 5085 etiam

281 5120 382 5177 tractus
399 5131 442 5178 est
458 5116 561 5177 audito
581 5115 634 5174 lilii
653 5114 698 5174 sui
715 5115 846 5174 interitu.
875 5117 937 5172 llac
955 5115 986 5181 in
1004 5113 1036 5172 r'e

281 5207 394 5265 iorusse
413 5204 567 5287 ιιεριπίτιια
584 5204 638 5262 init
659 5201 816 5280 tragoediae,
840 5203 908 5280 qnia
924 5204 1036 5273 Oileus,

280 5293 328 5366 «pn
348 5313 420 5351 unus
439 5296 583 5351 Teucrum
612 5291 748 5367 adjurare
766 5291 878 5367 potuit,
905 5310 959 5348 suo
980 5291 1036 5348 do-

281 5381 518 5458 ioreimpeditur,
538 5381 693 5459 quominus
710 5379 818 5456 aliquid
832 5398 887 5456 pro
899 5378 974 5437 illius
988 5399 1037 5436 sa-

282 5469 337 5524 inte
358 5469 451 5528 iaciat.
471 5474 614 5528 Praeterea
636 5465 782 5525 Eriboeam
800 5467 896 5544 Ajacis
916 5479 1036 5525 matrem

283 5557 468 5617 introductam
484 5578 545 5616 esse
566 5555 752 5627 crediderim,
771 5575 836 5633 quae
853 5557 966 5634 Ajacem
986 5555 1036 5614 de·

1788 798 1844 849 238
1878 812 1879 817 ’

1088 895 1318 980 lleritliliurnquo
1334 906 1502 965 concubinae
1514 908 1652 970 detestata
1668 914 1712 972 sit.
1733 916 1845 977 Clrorus

1087 1004 1123 1042 en
1139 987 1243 1061 quibus
1257 995 1432 1069 compositus
1449 996 1549 1069 luerit,
1570 1020 1628 1057 uon
1646 1014 1771 1075 constat,
1791 1009 1844 1065 nisi

1089 1073 1162 1133 iorte
1173 1080 1293 1137 comites
1304 1084 1418 1153 Teucri,
1434 1086 1482 1157 qui
1503 1088 1530 1143 iu
1547 1087 1645 1145 cadem
1659 1104 1741 1147 eraut
1752 1093 1845 1169 culpa,

1088 1181 1143 1237 qrra
1161 1164 1217 1237 ille,
1233 1170 1385 1227 commode
1398 1172 1542 1230 introduci
1560 1176 1686 1251 potuisse
1703 1178 1844 1255 conjicias.

1087 1252 1146 1308 lies
1161 1271 1260 1312 orurres
1277 1270 1371 1332 poeta,
1388 1259 1418 1315 id
1438 1260 1516 1337 quud
1533 1262 1580 1319 rin
1594 1262 1721 1323 dubitari
1740 1280 1845 1344 potest,

1088 1338 1116 1395 in
1131 1340 1273 1400 Salamine
1291 1344 1383 1403 insula
1398 1347 1513 1425 transigi
1530 1348 1605 1407 iecit.
1627 1355 1778 1431 Tragoedia
1792 1357 1847 1413 ion

1088 1436 1161 1483 tasse
1182 1432 1287 1507 scripta
1310 1446 1352 1491 est
1365 1435 1481 1511 Olymp.
1499 1441 1625 1497 LXXXI
1640 1440 1683 1497 vel
1696 1446 1846 1513 LXXXII,

1088 1534 1147 1590 quo
1159 1528 1289 1596 tempore
1305 1522 1405 1579 Cimon
1415 1523 1445 1581 in
1457 1528 1584 1601 Cyprum
1597 1527 1632 1585 ad
1650 1529 1845 1606 recipiendam

1086 1602 1209 1661 insulam
1224 1625 1288 1665 cum
1304 1611 1431 1667 exercitu
1451 1612 1553 1671 missus
1571 1626 1623 1671 est.

1126 1694 1297 1769 Fragmenta
1310 1716 1345 1753 ex
1359 1698 1403 1768 iis,
1420 1718 1482 1775 quae
1495 1699 1617 1758 diximus
1632 1702 1769 1780 explicari
1782 1723 1848 1780 pos-

1087 1791 1163 1837 sunt.
1184 1781 1357 1842 addidimus
1377 1788 1505 1864 quaedam
1520 1790 1645 1849 Pacuvii.
1665 1790 1845 1868 Stephanus:

1086 1864 1169 1945 [aot]
1187 1870 1337 1950 «Κυχριῖος
1356 1871 1460 1951 πάγος»
1479 1877 1539 1956 περὶ
1560 1878 1709 1955 Σαλαμῖνα.
1732 1880 1764 1937 Σ.
1778 1878 1846 1937 Ὶίό-
1871 1933 1873 1941 ⁴

1087 1976 1152 2034 xpp.
1173 1957 1269 2015 Verba
1286 1964 1409 2031 Teucro,
1425 1964 1475 2040 (pu
1491 1965 1585 2041 patria
1598 1979 1764 2043 recuperata
1776 1987 1846 2044 gau-

1088 2044 1147 2117 det,
1161 2047 1339 2123 vindicarim,
1356 2050 1480 2129 ideoque
1498 2055 1619 2133 prologo
1633 2055 1845 2135 adscripserim.

1087 2136 1230 2194 Pacuvius

1139 2270 1230 2339 Quam
1244 2276 1271 2325 te
1285 2278 1347 2343 post
1359 2271 1455 2329 multis
1468 2281 1547 2329 tueor
1558 2276 1776 2349 tempestatibus.

1087 2390 1189 2463 Neque
1206 2388 1316 2447 alienus
1333 2387 1370 2447 ab
1386 2390 1520 2448 hocloco
1538 2406 1614 2451 esset
1628 2412 1740 2451 versus:

1157 2501 1306 2573 Halcyonis
1321 2484 1377 2559 ritu
1389 2502 1470 2561 littus
1482 2503 1643 2579 pervolgans
1653 2506 1743 2572 seror.

1086 2625 1156 2678 Esse
1176 2620 1224 2678 hic
1235 2640 1333 2680 versus
1352 2636 1449 2701 potest
1463 2626 1565 2683 Teucri
1581 2626 1617 2683 ad
1635 2640 1745 2705 patrem
1763 2648 1848 2686 acce-

1087 2711 1156 2768 dere
1176 2731 1234 2768 non
1248 2712 1388 2771 audentis.
1410 2713 1534 2771 Videtur
1549 2714 1655 2773 deinde
1673 2716 1797 2774 nuncius
1811 2718 1847 2773 ad

1086 2799 1273 2856 Telamonem
1284 2800 1412 2868 venisse,
1428 2812 1458 2857 ut
1472 2800 1613 2861 indicaret
1631 2814 1733 2861 nautas
1747 2803 1783 2861 ad
1802 2804 1849 2861 in-

1087 2886 1178 2944 sulam
1197 2886 1342 2963 appulisse
1360 2908 1376 2945 a
1392 2887 1481 2964 Troja
1499 2908 1636 2949 reversos.
1658 2894 1759 2967 ltaque
1776 2909 1848 2968 pro-

1087 2974 1178 3047 cedit,
1198 2986 1228 3031 ιιι
1245 2974 1281 3033 de
1302 2975 1367 3035 liliis
1385 2974 1501 3034 audian

1121 3103 1205 3161 Haud
1224 3104 1313 3161 sinam
1330 3102 1481 3177 quidquam
1502 3104 1603 3176 proteri
1625 3104 1785 3178 priusquam
1804 3122 1848 3165 ac-

1086 3268 1115 3316 et
1394 3184 1653 3258 cepsoqnndpeto,

1123 3301 1132 3331 ⁹
1158 3369 1306 3440 Postquam
1318 3365 1443 3424 ddmsus
1454 3367 1647 3440 perrogitando
1658 3368 1777 3426 advenas

1157 3447 1192 3504 de
1201 3447 1302 3520 gnatis,
1316 3463 1404 3520 neque
1414 3463 1582 3520 quemqnam
1596 3449 1685 3506 inveni
1695 3450 1795 3506 scium.

1086 3561 1238 3620 Welclero
1259 3563 1381 3623 debetur
1401 3568 1500 3624 inveni.
1522 3565 1553 3624 si
1569 3565 1663 3642 placet
1677 3566 1754 3643 vulg.
1773 3573 1850 3622 taor-

1085 3657 1141 3718 m't,
1160 3671 1259 3710 versus
1273 3653 1385 3712 cuidam
1405 3653 1575 3711 tribuendus
1595 3666 1652 3724 est,
1672 3655 1721 3730 qni
1736 3658 1850 3713 Teucro

1087 3741 1227 3816 ‹puaerenti
1248 3741 1396 3817 quomodo
1416 3741 1553 3800 Telamon
1573 3752 1664 3812 esset,
1686 3740 1741 3798 lroc
1757 3761 1850 3818 expo-

1087 3827 1154 3886 suit.
1176 3828 1291 3905 Ajacem
1302 3847 1390 3905 qutun
1403 3841 1547 3886 mortuum
1557 3847 1619 3886 esse
1629 3828 1764 3902 audisset,
1775 3833 1849 3886 Teu·

1086 3936 1137 3974 cro
1150 3917 1397 3976 vehementissime
1406 3917 1546 3976 irascitur.
1562 3917 1626 3974 linc
1638 3917 1757 3976 reseram
1772 3917 1850 3994 quod

1087 4006 1190 4065 Cicero
1204 4005 1475 4082 perhibetDeorat.
1491 4009 1528 4076 11,
1547 4006 1584 4072 46
1597 4029 1603 4062 :
1617 4003 1744 4064 «Tamen
1764 4005 1793 4062 in
1814 4025 1850 4062 eo

1086 4111 1192 4169 genere
1207 4113 1282 4170 sepe
1302 4093 1364 4168 ipse
1385 4090 1462 4160 vidi,
1484 4111 1575 4169 quum
1593 4111 1629 4149 ex
1641 4111 1765 4170 persona
1777 4093 1850 4154 mihi

1087 4180 1189 4238 ardere
1207 4181 1282 4240 oculi
1294 4179 1441 4238 histrionis
1454 4179 1622 4238 riderentur
1639 4180 1789 4258 spondalia
1803 4180 1851 4239 illa

1088 4268 1226 4328 dicentis:

1122 4385 1266 4456 segregare
1280 4381 1328 4440 aba
1348 4391 1376 4439 te
1395 4397 1479 4440 ausus
1497 4382 1624 4474 antcire
1644 4383 1692 4475 illo
1713 4383 1850 4444 Salamina

1123 4558 1213 4614 neque
1225 4545 1369 4614 paternum
1381 4550 1522 4614 aspecmm
1534 4461 1697 4600 einidi'iibi?

1089 4670 1240 4740 Nunquam
1275 4663 1356 4721 illum
1386 4679 1529 4740 aspectum
1552 4665 1666 4724 dicebat
1693 4669 1762 4744 quin
1781 4668 1850 4726 milri

1088 4754 1225 4812 Telamon
1245 4752 1335 4810 iratus
1357 4755 1453 4810 iurere
1476 4754 1615 4812 luctuirlii
1632 4755 1787 4813 videretur.
1812 4761 1852 4814 Ut

1089 4841 1164 4899 idern
1180 4839 1284 4898 inilexa
1298 4839 1335 4898 ad
1350 4841 1539 4900 miserabilem
1552 4861 1654 4900 sonum
1665 4862 1757 4900 voce:

1398 4973 1487 5042 Quem
1497 4981 1577 5028 aetate
1589 4980 1680 5027 exacta
1694 4971 1815 5044 indigem

1123 5050 1240 5107 liberdm
1250 5049 1385 5118 lacerasti,
1400 5049 1514 5116 orbasti,
1529 5050 1668 5142 exstinxsti
1679 5067 1685 5104 ε
1698 5067 1788 5125 neque
1797 5050 1851 5108 ira·

1123 5223 1213 5280 neque
1230 5209 1306 5282 gnati
1327 5209 1387 5282 ejus
1403 5209 1495 5282 parri,
1512 5138 1797 5345 qdlbibiidtumlam
1811 5219 1853 5268 est

1548 5298 1589 5346 ita
1610 5299 1676 5354 tlttS,

1089 5425 1160 5483 ileos
1170 5443 1203 5479 ac
1218 5421 1317 5497 lugens
1335 5419 1431 5477 dicere
1443 5417 1624 5477 videbatur„

1130 5559 1193 5612 linc
1206 5555 1291 5612 ctiam
1304 5553 1427 5631 pertinet
1442 5551 1518 5609 aliud
1535 5552 1722 5629 iragurentum
1735 5549 1851 5610 Pacotit
