4567 6425
431 730 487 781 rm
583 786 588 796 ,

429 874 491 921 παις
508 884 540 925 ,υ
565 858 735 938 ἀνδρώμενος
752 859 806 932 ἤδη
829 868 890 926 παῖς
910 858 928 930 ἢ
950 854 1042 937 ἀνδρὸς
1063 856 1187 937 φρόνησιν

429 937 498 1019 ἔχων
513 952 582 1011 παῖς.
598 947 630 1007 Σ.
645 948 767 1030 Τρωΐλιρ.
779 949 904 1008 Gravior
914 948 1030 1007 videtur
1048 949 1188 1007 lamenta-

431 1030 487 1099 tio,
506 1032 530 1089 si
551 1033 723 1113 paedagogus
735 1038 797 1117 ipse
816 1039 854 1096 sit
873 1035 1018 1105 δεσπότης,
1034 1036 1085 1113 qul
1099 1053 1187 1111 quum

429 1136 532 1195 cogere
546 1142 666 1197 puerum
682 1138 711 1183 et
724 1127 853 1203 potuerit
865 1141 894 1183 et
905 1124 1053 1195 debuerit,
1070 1142 1123 1201 per
1137 1142 1190 1179 ne·

429 1205 593 1283 gligentiam
602 1212 682 1271 ilium
693 1215 828 1271 amiserit.
836 1213 1016 1291 Deindeittfi]
1025 1240 1037 1263 ι
1049 1209 1166 1279 ἄπιστος,
1177 1236 1189 1261 t

431 1293 628 1375 ἀπαρᾶπιστος,
644 1300 761 1374 ἀπενθής,
780 1302 904 1379 Hesycb.
921 1302 1037 1360 Troilus
1051 1298 1189 1374 inteiligi-

433 1393 498 1453 tur,
513 1386 563 1462 qui
578 1388 825 1449 admonitionibus
840 1389 988 1468 paedagogi
998 1387 1117 1445 audiens
1131 1406 1190 1445 ¹¹0ss

432 1469 536 1544 suerit,
547 1474 598 1531 sed
611 1477 716 1535 Achilli
734 1478 856 1537 irruenti
871 1478 980 1555 sagittis
993 1475 1080 1533 nudis
1089 1494 1120 1533 se
1135 1494 1189 1532 ea·

433 1562 581 1633 posuerit:
596 1566 722 1641 Hcsycb.
742 1588 749 1623 :
765 1565 901 1640 Ἀ’πίσκη·
917 1567 981 1645 [87]
999 1593 1011 1617 ν
1027 1563 1101 1633 τθῖθν
1122 1562 1190 1621 ἆπὲ·

432 1666 502 1716 σκη·
524 1676 536 1699 »
558 1649 622 1709 ἔνιοι
639 1650 667 1709 δὲ
689 1651 777 1731 γυμνὰ
801 1653 892 1726 θήκαις
915 1654 986 1722 τόξα.
1009 1656 1042 1715 Σ.
1060 1647 1190 1733 (Τρωίλῳ.

432 1736 551 1795 Reklieri
559 1741 667 1799 Anecd.
675 1762 704 1819 p.
714 1751 781 1815 aaa,
792 1746 829 1803 33
841 1767 848 1803 ι
858 1771 870 1795 ι
879 1743 1007 1813 'Anienae
1015 1741 1101 1821 γυμνὰ
1111 1740 1191 1812 θήκην

432 1818 501 1887 τόξα.
514 1824 644 1886 dilectur
658 1850 765 1907 corpus
777 1843 948 1908 coopertum
962 1830 1025 1909 [88]
1037 1827 1191 1906 «ampul-

433 1908 499 1977 λονς,
510 1938 520 1960 ν
530 1914 650 1992 χλαίναις
660 1918 811 1998 ποδήρεσιν,
824 1918 947 1980 ὥστεκαὶ
960 1918 1005 1979 tat
1018 1917 1065 1984 τὰς
1078 1916 1193 1999 ἄρὸὗλας

431 1996 574 2071 χαλᾶσθαι.
591 2004 622 2062 Σζ
638 2008 700 2086 Pp,
714 2008 838 2083 Hesych.
852 2008 1010 2075 Defletura
1025 2005 1127 2070 choro,
1141 2006 1192 2081 qui

432 2083 508 2142 iilius
524 2087 670 2165 ingenium
692 2094 764 2153 dicit
776 2096 839 2173 [89]
852 2123 864 2147 a
876 2093 1029 2165 seuram,
1043 2120 1056 2145 ν
1074 2090 1192 2175 ἥμερον,

432 2176 574 2250 προσηνές,
593 2181 621 2236 οὐ
648 2180 788 2262 βάρίαρον.
814 2183 848 2243 Σ.
864 2184 927 2262 Ἰ’ρ.,
950 2182 1087 2257 ilesycb.;
1107 2200 1193 2257 quem

432 2258 627 2335 deploraverit
664 2270 814 2341 Achilles,
849 2289 1023 2348 quamquam
1054 2269 1194 2326 occiderit

432 2347 496 2425 [90]
516 2376 528 2399 α
540 2351 643 2424 ἅσιις,ιι
662 2354 773 2435 βλάψας,
798 2356 924 2438 (bladae.
940 2363 1072 2417 Fortasse
1087 2357 1192 2414 chorus

431 2435 571 2495 Achillem
594 2446 780 2523 compellavit
797 2446 953 2505 absentem.
972 2446 1084 2504 Deinde
1107 2447 1192 2503 etiam

433 2538 567 2598 parentes
586 2529 668 2587 iilum
686 2532 839 2610 deplorant
856 2555 958 2611 magua
971 2555 1038 2592 com
1056 2533 1193 2611 indigna-

433 2610 664 2705 tionemadrersos
675 2622 822 2681 Aeliilleru.
832 2625 912 2686 Suid.
925 2644 953 2681 ν.
967 2623 1172 2704 Ἐμασχαλίσθη
1186 2645 1193 2679 =

433 2699 480 2779 ἀφ’
498 2707 527 2759 οὑ
546 2703 578 2775 db,
592 2706 638 2765 aad
660 2711 874 2789 μασχαλῖσματα
886 2713 1100 2794 προσηγόρευσαν
1116 2712 1192 2773 αὐτά.

433 2787 500 2867 Σορ.
522 2793 549 2849 ἐν
571 2795 685 2877 Τρωίλῳ
709 2800 771 2879 [91]
793 2799 905 2882 «πλήρη
938 2800 1194 2881 μασχαλισμάτωνν

433 2875 520 2956 εἴρηκε
533 2882 578 2941 τὸν
592 2884 762 2963 φονεύσαντα.
775 2896 819 2947 ita
831 2892 998 2951 Bruncltius.
1015 2890 1072 2950 Sed
1083 2891 1112 2948 in
1124 2902 1194 2948 vett.

433 2966 609 3028 editionibus
625 2972 713 3055 εἴρηκε
727 2975 771 3038 τὸν
793 2978 990 3057 μασραλισμόν.
1008 2984 1195 3037 Detestautur

436 3055 597 3134 Achillem,
621 3062 703 3139 cujus
725 3084 760 3122 ne
780 3079 862 3123 ortus
885 3067 1000 3143 quidem
1021 3067 1077 3124 diis
1096 3080 1195 3143 gratus

434 3142 529 3202 fuerit.
539 3147 635 3207 schot.
650 3151 728 3208 Pind.
746 3156 828 3210 Nem.
841 3155 944 3224 111,6o
957 3176 964 3209 τ
978 3153 1044 3234 Περὶ
1056 3154 1137 3225 dle-he
1147 3178 1194 3231 με·

433 3233 629 3377 ’τιρμορλρώσεως
646 3243 693 3308 τῆς
708 3238 818 3306 Θέτιδος
837 3242 882 3302 ani
907 3244 1043 3324 Σοροιιλῆς
1065 3245 1145 3324 φησὶν
1168 3247 1195 3303 ἐν

461 3341 508 3396 pau
526 3344 548 3400 ῳ
562 3345 568 3358 ·

433 3465 496 3544 [92]
512 3445 633 3558 Epupar
650 3475 690 3550 ὡς
706 3472 813 3564 ἔγημεν
830 3473 1000 3569 ἅρθόγγους
1015 3473 1142 3570 γάμους,

514 3590 552 3672 τῇ
567 3587 772 3676 παντομόρρῳ
784 3581 894 3655 Θέτιδι
906 3591 1091 3682 αομπλαιιείς
1105 3618 1194 3661 ποτε..

433 3719 607 3795 interposita
631 3720 685 3779 suit
705 3723 831 3800 ploratui
851 3745 911 3785 vox
940 3726 989 3786 ini.
1017 3729 1142 3805 Hesyeh.
1166 3751 1195 3792 v.

433 3801 598 3865 Ἰαννα....
626 3811 653 3866 ἐν
679 3809 707 3868 δὲ
731 3809 845 3892 Τρωΐλιρ
869 3812 1001 3894 βᾶρίαρον
1025 3816 1146 3897 Θρήνημα
1167 3819 1197 3878 τὸ

433 3890 495 3973 [93]
513 3921 525 3944 ι
539 3895 585 3953 ini.
598 3925 609 3947 ν
629 3897 711 3957 Idem
723 3921 730 3956 τ
744 3901 806 3978 194]
822 3900 922 3974 νἸήιος
932 3931 971 3962 ν...
986 3903 1030 3962 καὶ
1042 3908 1134 3984 θρῆνον
1146 3931 1197 3979 ση-

433 3981 530 4056 μαίνει,
543 3986 578 4051 ὡς
591 3985 656 4066 Eup.
670 3988 719 4066 Ἰ“ρ.
732 3993 881 4047 Postremo
900 4004 931 4049 ut
944 4012 1052 4071 corpus
1072 3997 1197 4073 sepelia-

436 4082 498 4142 tur,
515 4071 550 4129 ad
569 4073 661 4132 sontes
678 4075 786 4135 abeunt
805 4091 836 4136 ut
860 4080 988 4140 lavetur:
1006 4086 1101 4160 Etym.
1116 4091 1153 4144 hl.
1169 4106 1196 4164 p.
1215 4091 1217 4096 '

435 4158 501 4232 597,
517 4167 553 4228 Al.
571 4162 679 4241 :Napo'u
695 4163 725 4223 τὸ
740 4166 870 4242 ὑγρόν...
891 4169 923 4228 Σ.
935 4171 960 4229 Τ
962 4164 1049 4252 ρωΐλῳ
1062 4192 1068 4205 ·

433 4296 495 4379 [ua]
510 4297 590 4386 Πρὸς
605 4292 681 4389 rapti
698 4290 733 4365 di
749 4310 876 4390 κρηναῖα
891 4317 1045 4399 perpauper
1062 4310 1158 4377 ποτά.

433 4439 534 4517 (cant.
554 4445 628 4501 (irad.
643 4464 672 4520 p.
695 4446 764 4522 627,
786 4457 831 4520 ra,
843 4451 934 4509 Orion
953 4473 983 4530 p.
1003 4476 1069 4528 ιιο,
1090 4458 1138 4536 3.)
1154 4465 1197 4520 lta

434 4530 572 4606 tragoedia
588 4531 693 4590 linitur.

764 4667 873 4684 ·=-·-—

695 4761 935 4825 PALAMEDES.

475 4885 634 4946 Palamedis
657 4908 703 4946 nes
722 4903 809 4966 gestae
830 4894 944 4971 egregie
957 4909 1034 4973 aptae
1049 4900 1116 4957 visae
1130 4917 1198 4962 sunt

433 4973 564 5048 Tragicis
574 4975 611 5032 ad
624 4975 733 5034 fabulas
744 4983 971 5054 componendas,
980 5005 1067 5061 quum
1084 5001 1113 5045 et
1127 4989 1197 5047 sub-

434 5059 585 5120 limitatem
613 5084 762 5124 sensorum
788 5083 818 5126 et
838 5071 1029 5148 cogitatorum
1059 5076 1197 5137 admitte-

435 5149 497 5203 ieut
513 5160 541 5204 et
553 5149 588 5206 ad
600 5151 685 5209 vitam
699 5154 850 5212 humanam
864 5157 903 5215 ita
916 5161 1093 5236 accederent,
1107 5178 1138 5222 ut
1150 5165 1196 5222 di-

977 724 1188 788 sorflocuts
1209 724 1460 787 FRAGMENTA.

1242 855 1316 913 uersi
1339 855 1488 914 hominum
1516 876 1612 915 mores
1638 860 1726 917 variis
1753 859 1844 918 modis
1863 862 1980 939 explicari

1243 956 1369 1019 possent.

1299 1032 1492 1109 Exposuimus
1533 1048 1731 1111 argrrrneatum
1773 1037 1804 1094 in
1840 1038 1983 1114 fragmentis

1243 1121 1369 1196 AEschyli
1389 1142 1441 1179 nec
1461 1122 1617 1199 quidquam
1638 1136 1724 1181 nstat
1749 1126 1827 1202 quod
1843 1125 1983 1183 addendum

1243 1228 1303 1265 esse
1316 1208 1463 1280 videatur,
1475 1211 1528 1266 nisi
1543 1222 1574 1267 ut
1589 1212 1778 1287 exquirantur
1799 1214 1984 1291 subtiliusque

1244 1296 1302 1351 sint
1321 1297 1458 1374 Sophocli
1485 1297 1648 1355 tribuenda.
1673 1301 1838 1376 Disputatio
1858 1315 1898 1357 est
1916 1302 1984 1375 longe

1244 1383 1372 1441 omnium
1384 1382 1554 1443 difficillima
1571 1385 1671 1442 iatam
1687 1388 1792 1464 exiguo
1811 1408 1923 1445 numero
1936 1388 1982 1443 lra-

1244 1486 1424 1547 gmeutorum
1438 1486 1574 1551 tantoque
1589 1488 1716 1532 ueterum
1730 1478 1899 1557 scriptorum
1912 1478 1983 1533 silen-

1246 1560 1297 1617 tio.
1317 1564 1391 1619 Stmt
1419 1576 1511 1620 tamen
1541 1582 1586 1619 res
1615 1562 1679 1619 drrae
1707 1575 1808 1622 tenues
1836 1566 1940 1641 quidem
1961 1578 1982 1619 ct

1246 1648 1373 1721 ineertae,
1391 1663 1420 1705 at
1440 1650 1517 1721 solae,
1537 1670 1608 1727 quas
1622 1652 1761 1728 sequaris,
1782 1652 1984 1731 primumutii·

1246 1735 1364 1793 demnas
1378 1736 1447 1815 quid
1458 1738 1618 1815 antiquitus
1628 1740 1665 1796 sit
1679 1738 1716 1797 de
1730 1740 1880 1797 Palamede
1899 1760 1984 1796 metuo

1246 1824 1296 1881 riae
1310 1824 1467 1901 proditum,
1481 1838 1540 1881 torn
1551 1826 1620 1902 quid
1632 1827 1785 1903 Euripides
1796 1830 1936 1885 innovarit.
1949 1834 1982 1883 Ac

1246 1912 1270 1969 si
1284 1912 1364 1969 Plato
1375 1912 1458 1988 (llep.
1471 1916 1535 1981 Vll,
1547 1934 1573 1989 p.
1589 1914 1657 1984 522,
1669 1916 1704 1989 D)
1719 1914 1850 1973 derideat
1864 1914 1983 1979 labnhm,

1246 2001 1327 2058 illum
1351 2002 1532 2078 potissimum
1551 2003 1718 2080 Euripidem
1738 2006 1893 2083 respexisse
1909 2004 1981 2081 conji-

1247 2090 1314 2156 cias,
1326 2088 1407 2165 crijus
1419 2090 1557 2165 tragoedia
1574 2110 1610 2147 eo
1624 2104 1754 2169 tempore
1765 2104 1827 2149 erat
1838 2092 1984 2157 nauminia,

1247 2180 1371 2256 quique,
1387 2198 1475 2256 quum
1493 2180 1619 2257 antiquae
1635 2180 1740 2239 labuiae
1754 2202 1853 2259 graves
1865 2194 1946 2239 essent
1963 2196 1984 2237 et

1248 2266 1395 2343 sublimes,
1403 2267 1531 2325 minutiis
1542 2272 1722 2346 exponendis
1731 2270 1984 2347 inventisqueomni·

1247 2353 1301 2411 bus
1314 2354 1456 2413 Palamedi
1473 2355 1665 2413 attribuendis
1681 2358 1799 2415 modum
1821 2357 1982 2415 modestiam-

1248 2463 1305 2520 que
1335 2464 1449 2503 omnem
1480 2445 1612 2501 excessit.
1640 2450 1713 2502 Sum
1742 2446 1856 2523 quidem
1888 2446 1931 2521 qui
1957 2444 1984 2501 ad

1248 2532 1409 2602 orationes,
1428 2551 1493 2607 quae
1511 2534 1626 2609 Gorgiae
1646 2545 1675 2589 et
1689 2534 1893 2591 Alcidamantis
1906 2532 1984 2589 nomi·

1248 2618 1335 2675 nibus
1358 2619 1505 2689 seruntur,
1528 2633 1721 2699 provocantes
1750 2622 1837 2678 risum
1865 2622 1985 2685 Platonis,

1249 2706 1385 2781 quoniam
1402 2704 1438 2763 ab
1461 2704 1508 2765 his
1528 2706 1694 2765 oratoribus
1708 2708 1809 2765 eadem
1822 2710 1878 2766 sere
1890 2707 1985 2765 tradan-

1250 2805 1306 2863 tur,
1316 2794 1436 2851 refutari
1446 2806 1558 2871 putent.
1570 2800 1634 2867 Qua
1645 2795 1681 2853 de
1693 2816 1725 2853 re
1735 2795 1984 2874 sceusjudicaudum

1249 2901 1361 2938 censeo.
1378 2883 1563 2939 Grammatici
1587 2882 1655 2960 quid
1677 2884 1774 2941 dicant
1789 2904 1847 2941 non
1862 2884 1927 2941 aden
1942 2902 1979 2939 rur

1250 2980 1330 3039 raut;
1351 2982 1382 3027 ut
1404 2969 1505 3027 inflato
1528 2991 1578 3028 ore
1603 2970 1699 3029 dicant
1727 2992 1821 3049 neque
1849 2971 1985 3047 relinquant

1250 3057 1408 3133 quidquam
1420 3056 1498 3133 tqttod
1513 3058 1569 3115 dici
1586 3060 1696 3135 possit,
1710 3060 1916 3135 quammaxime
1926 3056 1986 3113 labo·

1251 3156 1331 3220 rant,
1358 3164 1450 3221 oeque
1468 3146 1650 3203 ariditatibus
1671 3146 1816 3216 scribunt,
1840 3146 1887 3204 sed
1906 3146 1985 3203 barum

1250 3252 1346 3290 rerum
1367 3233 1591 3292 admiratoribus
1611 3236 1661 3312 qui
1681 3254 1713 3293 ea
1734 3236 1831 3312 legant
1851 3255 1933 3314 nuque
1945 3233 1986 3310 ipsi

1251 3319 1370 3377 multum
1384 3321 1420 3378 ab
1434 3321 1490 3377 illis
1501 3321 1645 3379 differaut.
1655 3323 1781 3399 Antiqua
1802 3325 1928 3382 memoria
1943 3327 1986 3378 Pa·

1251 3407 1377 3465 lamedes
1389 3428 1488 3466 earum
1501 3429 1609 3482 rerum,
1625 3411 1731 3487 quihus
1746 3431 1813 3489 pax,
1830 3413 1886 3469 vita
1903 3422 1927 3468 et
1941 3427 1986 3486 pu-

1245 3491 1324 3553 blica
1339 3508 1367 3553 et
1381 3497 1492 3573 privata
1507 3511 1627 3555 ornetur
1640 3513 1668 3556 et
1682 3511 1816 3578 regatur,
1829 3500 1913 3556 otium
1926 3495 1986 3552 erlu-

1252 3587 1374 3656 laretur,
1401 3587 1488 3644 sames
1510 3601 1659 3657 arceatur,
1681 3589 1788 3666 iuopiae
1809 3599 1986 3650 structurum,

1252 3674 1376 3731 remedia
1403 3675 1511 3732 morbis
1535 3690 1738 3752 procurentur,
1761 3677 1820 3735 dux
1849 3677 1929 3736 milite
1951 3673 1987 3728 liat

1251 3764 1397 3840 superior,
1410 3763 1483 3820 ordo
1498 3763 1664 3823 instituatur
1677 3766 1898 3840 mirenturque,
1909 3763 1987 3818 imen-

1254 3863 1300 3910 tor
1320 3849 1453 3908 refertur.
1468 3850 1544 3908 Talis
1567 3852 1731 3910 Palamedes
1756 3851 1794 3908 ab
1808 3851 1934 3926 lEschylo
1945 3847 1987 3902 tle-

1252 3939 1399 4009 scribitur,
1410 3938 1477 3996 talia
1490 3939 1625 3999 videatur
1632 3942 1662 3997 in
1671 3940 1787 4018 Cypriis
1797 3959 1859 3996 esse
1865 3937 1988 4014 exposita:

1251 4027 1348 4103 itaque
1363 4027 1484 4084 rtraxime
1503 4040 1547 4084 est
1561 4027 1699 4086 credibile
1713 4029 1800 4086 etiam
1819 4026 1881 4084 talia
1897 4031 1988 4080 narrata

1252 4134 1312 4170 esse
1323 4134 1340 4172 a
1350 4114 1508 4190 Sophocle3
1518 4114 1685 4192 Euripidem
1695 4127 1790 4172 autem
1799 4115 1847 4174 itta
1856 4111 1987 4188 reliquisses

1252 4214 1283 4259 ut
1295 4222 1359 4278 quae
1373 4214 1434 4260 arte
1445 4222 1581 4279 superare
1595 4223 1653 4262 nou
1665 4216 1776 4282 posset,
1797 4195 1989 4260 incredibilibus

1252 4289 1420 4348 coniurentis
1434 4304 1593 4368 superaret.

1292 4381 1392 4452 Neque
1399 4397 1468 4435 vero
1479 4379 1578 4456 negari
1585 4390 1677 4456 potest
1687 4379 1775 4436 multa
1785 4371 1986 4448 iuisse‘lragite

1252 4483 1315 4521 rrrm
1328 4465 1506 4540 communia,
1529 4467 1579 4543 qui
1600 4485 1747 4543 nunquam
1761 4465 1835 4524 aden
1857 4461 1989 4521 dissuen-

1253 4565 1412 4630 potaerunt
1434 4553 1589 4626 fabulam,
1615 4567 1647 4614 nt
1670 4555 1848 4633 antiquitatis
1874 4547 1988 4609 memoria

1252 4659 1373 4720 prorsus
1408 4642 1652 4719 pessumdaretur.
1680 4645 1827 4715 Quocirca
1847 4659 1898 4698 uon
1914 4635 1987 4692 dabi-

1253 4731 1369 4788 tandum
1386 4744 1429 4789 est
1446 4733 1515 4808 quin
1530 4745 1561 4790 ut
1572 4733 1608 4790 ab
1622 4735 1761 4810 AEschylo
1775 4736 1814 4792 ita
1829 4754 1844 4790 a
1868 4725 1990 4804 Sophocle

1251 4819 1416 4876 Palamedes
1428 4831 1493 4896 post
1507 4839 1607 4898 magna
1620 4823 1649 4880 in
1663 4825 1781 4880 Graecos
1802 4819 1895 4877 rnerita
1907 4816 1987 4872 inim-

1252 4905 1355 4964 ductus
1373 4909 1410 4964 sit
1429 4907 1603 4985 prauiitionis
1624 4929 1699 4968 reus.
1719 4911 1848 4988 Magnam
1863 4905 1988 4982 jucernam

1252 4993 1373 5052 lecimus
1386 4997 1414 5051 iu
1425 4997 1587 5055 amittendis
1600 4996 1789 5066 orationibus,
1802 4993 1899 5072 quihus
1918 4991 1986 5046 Paia-

1253 5079 1349 5138 medes
1361 5101 1392 5138 se
1405 5081 1575 5140 delrmderit.
1588 5089 1720 5156 Quarum
1735 5085 1781 5142 illa
1790 5083 1863 5162 apud
1880 5079 1983 5150 rEselu'·

1250 5165 1988 5248 lurrrrauteloithomiuis,quibeneliciorumcunsciu·

439 5275 1982 5313 *Ἢ

793 5361 838 5410 92.

436 5426 588 5484 ‹latebra-it
608 5429 654 5484 iile
677 5440 816 5506 utcunque
838 5436 985 5494 celebrauit
1006 5443 1115 5513 nuptias
1140 5445 1198 5500 sine

1008 5521 1196 5588 [carruiuihuq

1252 5367 1416 5424 multiformi
1431 5386 1495 5426 eum
1508 5371 1623 5426 Thetide
1636 5373 1776 5444 quondam
1789 5367 1944 5428 concubam.

1252 5527 1294 5582 Ad
1309 5525 1428 5598 liquidos
1440 5525 1558 5584 lontium
1573 5457 1680 5586 abiliiirs
1694 5540 1812 5602 potatus.
