4567 6425
383 641 387 656 ’
471 672 529 728 aaa

467 822 534 895 ιιλῆς
544 820 698 901 Ἀθαμαντι.
712 828 850 887 Athamas
860 842 903 887 est
911 832 961 908 qrri
969 834 1152 911 propinquos
1163 856 1230 894 suos

469 924 525 968 tam
550 913 707 971 crudeliter
728 914 871 976 habuerit.
892 919 973 977 ldem
985 944 993 977 ε
1007 921 1090 1001 [att]
1104 951 1115 975 ι
1129 924 1230 983 ἐπιστί-

466 1018 600 1074 γματιι,ν
623 1000 828 1080 interminare.
858 1007 924 1086 Σιφ.
944 1008 1094 1087 Ἀθάμαντι.
1118 1011 1229 1071 Ἐπισθ-

465 1108 556 1162 γμιιτα
570 1108 587 1145 a
600 1091 742 1148 Palmerio
756 1105 786 1150 et
807 1095 980 1153 Ruhnkenio
996 1099 1153 1175 repositum
1176 1114 1227 1157 est.

466 1174 535 1233 Cod.
551 1177 744 1255 ἕπιστήγματα.
770 1182 959 1243 incitamenta
982 1207 1101 1260 eorum,
1117 1188 1168 1266 qui
1192 1189 1227 1247 ad

464 1280 543 1320 sacra
557 1263 689 1337 aderant,
713 1270 834 1347 intelligi
856 1272 1002 1331 videntur.
1023 1276 1136 1334 Deinde
1151 1276 1226 1335 idem

463 1353 625 1427 Hesychius
646 1356 729 1433 [³72]
756 1359 990 1440 ιζχρωματίιιθη,
1008 1393 1020 1416 ν
1047 1363 1226 1445 συνεχρώσθη.

464 1438 529 1519 Sep.
540 1438 690 1517 Ἀθάμαντι.
704 1447 881 1505 Crediderim
891 1452 1035 1509 victimam
1048 1454 1135 1511 variis
1146 1455 1227 1521 eolo·

463 1526 544 1585 ribus
556 1530 721 1590 distinctam
732 1535 893 1613 significari.
903 1540 1098 1599 Antiattieista
1105 1544 1224 1602 Beltkeri

461 1636 490 1692 p.
507 1620 571 1689 106,
589 1622 644 1679 33:
660 1618 742 1700 [³73]
756 1624 874 1697 «λευκὴν
884 1626 994 1707 ἡμέραν,
1007 1656 1020 1680 ν
1039 1630 1088 1700 τὴν
1111 1632 1222 1707 ἀγαθήν.

1016 671 1227 737 SOPHOCLlS
1247 676 1499 745 FRAGMENTA.

1283 856 1435 915 personam
1450 842 1538 901 luisse
1553 863 1703 923 memorat,
1716 850 1840 912 leronem
1853 854 2021 941 iusictamqm

1282 926 1413 987 Medeam
1428 930 1473 1009 (A.
1489 936 1520 989 P.
1539 933 1611 1009 123).
1627 937 1728 995 Refert
1744 940 1780 997 ad
1797 944 1913 1003 eandem
1926 952 2021 1009 leonem

1281 1018 1461 1091 Welclterus,
1475 1020 1504 1078 id
1519 1023 1597 1098 quod
1612 1036 1656 1081 est
1671 1026 1749 1103 apud
1763 1033 1898 1090 Noenum
1912 1039 1957 1107 tx,
1967 1040 2021 1109 ait,

1283 1102 1331 1161 nbi
1345 1107 1431 1165 vestis
1447 1109 1546 1167 Inonis
1561 1110 1691 1188 lugubris
1698 1132 1886 1193 memoratur,
1899 1134 1925 1179 et
1940 1128 2020 1184 Aristi-

1281 1191 1324 1249 dis
1338 1194 1426 1253 verba
1436 1195 1529 1275 (Orat.
1542 1203 1595 1271 111,
1606 1220 1636 1277 p.
1655 1208 1692 1269 Aa
1706 1205 1806 1279 Dind.)
1818 1229 1825 1263 :
1839 1206 1918 1275 Ἰνοῦς
1933 1212 1977 1291 lp,
1987 1216 2020 1273 rai

1280 1282 1360 1360 φυγαί
1372 1306 1447 1349 τινες.
1463 1290 1535 1359 Quae
1546 1287 1572 1344 si
1586 1308 1601 1344 a
1613 1308 1683 1347 vero
1698 1312 1757 1351 non
1771 1296 1918 1367 recedunt,
1934 1304 2021 1377 saus

1280 1368 1331 1426 elis
1342 1384 1431 1428 artem
1447 1372 1476 1429 in
1492 1394 1529 1431 eo
1543 1388 1685 1435 versatam
1706 1399 1768 1438 esse
1789 1384 1928 1445 credibile
1939 1404 1987 1459 est,
1998 1406 2019 1447 nt

1279 1476 1366 1533 quam
1388 1460 1539 1535 AEschylus
1561 1463 1685 1522 ferocem
1710 1480 1740 1525 et
1766 1480 1902 1548 tanquam
1925 1476 2019 1535 leenmr

1278 1545 1501 1620 introduxisset,
1521 1550 1605 1626 hujus
1624 1572 1718 1612 mores
1735 1558 1866 1617 mitiores
1883 1566 2021 1625 ostenderet

1279 1652 1374 1711 neque
1390 1636 1498 1694 alienos
1512 1638 1633 1696 muliere
1645 1646 1780 1703 aerunrnis
1792 1668 1935 1725 oppressa.

461 1705 529 1787 Σοφ.
553 1706 702 1784 Ἀθάμαντι.
729 1713 862 1771 Athamas
885 1716 923 1773 ah
945 1720 1070 1777 Hercule
1097 1732 1225 1779 servatus
1317 1726 1361 1779 De
1371 1742 1494 1799 persona
1507 1726 1690 1787 Athamantis
1710 1733 1781 1790 nihil
1797 1752 1967 1815 compertum
1982 1743 2020 1799 ha-

460 1794 537 1851 liunc
552 1797 626 1855 lelici
639 1799 687 1858 die
699 1803 812 1860 venisse
824 1804 971 1881 predicat.
987 1807 1111 1883 Hesych.
1123 1829 1130 1863 :
1142 1808 1224 1889 [374]
1278 1807 1378 1867 bemus
1392 1812 1448 1870 nisi
1459 1813 1538 1891 qnod
1551 1816 1600 1873 illa
1610 1837 1675 1895 qnae
1688 1834 1756 1878 sunt
1768 1824 1847 1900 apud
1860 1844 2021 1903 personatum

461 1906 473 1931 ι
488 1889 668 1961 καταγνῶναι,
682 1914 693 1938 ι
708 1890 862 1967 ἐπιγνῶναι,
878 1890 1042 1974 μέμψασθαι.
1060 1896 1126 1976 Σαφ.
1144 1896 1223 1955 Ἀθά·
1277 1897 1502 1961 ciceronemue
1513 1902 1630 1983 harusp.
1647 1912 1805 1986 responsis¹
1815 1912 1889 1991 (ιθ),
1902 1916 1952 1975 huc
1965 1940 2020 1996 prr-

459 1971 584 2046 panrra'.
594 1978 765 2037 Welclterns
776 1983 929 2040 Herculem
938 1984 1224 2046 multadesacrilrciis
1278 1986 1369 2045 tinere
1384 2001 1496 2065 putant.
1507 1996 1591 2049 «Non
1606 2007 1683 2069 sunt,
1699 1998 1803 2075 inquit,
1818 2002 1859 2059 illi
1874 2003 1983 2080 ejulatio
1997 2022 2018 2063 et

459 2059 607 2150 humanis,
618 2064 683 2142 que
694 2067 723 2127 in
739 2069 840 2127 Phrixi
853 2084 937 2148 gente
948 2075 1155 2146 remanserint,
1176 2076 1223 2134 di·
1277 2076 1398 2151 gemitus
1408 2078 1576 2137 Philoctetae
1593 2094 1647 2139 tarn
1659 2085 1770 2159 miseri,
1786 2109 1953 2169 quamquam
1966 2109 2019 2151 snut

458 2149 715 2230 xissesuspicatur,
728 2176 787 2233 quo
798 2158 852 2216 ista
865 2160 1044 2235 improbaret
1054 2162 1222 2240 Sophocles.
1275 2163 1478 2242 acerbi,quam
1493 2168 1541 2226 illa
1554 2172 1708 2230 exsultatio
1724 2176 1904 2237 Athamantis
1917 2194 2019 2259 etquam

457 2238 501 2293 Cl.
520 2240 591 2297 Plat.
612 2242 683 2299 Min.
711 2246 815 2321 pars
838 2260 867 2303 et
891 2247 1032 2307 Herodot.
1060 2254 1221 2327 tt11‚‚197.
1275 2253 1420 2310 somnium
1434 2256 1828 2321 manicimrum.»atvatde
1842 2267 1973 2327 incertum
1985 2286 2019 2329 est

456 2328 570 2386 Deinde
590 2332 661 2389 Attii
686 2334 846 2411 fragmenta
864 2340 995 2396 eontulit.
1020 2340 1221 2425 Athamantem
1277 2340 1371 2398 sintne
1390 2341 1449 2401 haec
1465 2363 1480 2401 a
1499 2345 1643 2421 Sophocle
1659 2350 1748 2425 petita
1760 2371 1796 2409 an
1808 2353 1845 2410 ab
1855 2358 1979 2433 AEsrhylo
1990 2380 2017 2415 an

457 2414 591 2489 injuriam
609 2418 703 2495 ipsum
719 2442 800 2481 snam
820 2426 927 2485 sentire
946 2422 1080 2487 versibus
1092 2429 1121 2486 in
1145 2429 1222 2488 hunc
1275 2428 1335 2485 ullo
1369 2430 1442 2503 alio,
1475 2434 1631 2509 presertim
1662 2456 1751 2516 quum
1786 2443 1884 2503 Ovidii
1917 2446 2018 2505 imitatio

457 2503 575 2562 modum
588 2508 722 2587 scriptis:

455 2656 547 2725 Atque
559 2656 595 2711 ita
605 2656 639 2713 de
650 2658 706 2715 iltis
717 2664 802 2717 merui
815 2703 823 2728 ,
836 2664 934 2736 utjure
948 2663 1006 2720 haec
1015 2680 1157 2737 nunquam
1169 2664 1220 2723 mi·

826 2752 947 2799 sererent
960 2743 1040 2800 mala.

454 2813 561 2886 Quojus
575 2815 613 2871 sit
625 2818 679 2873 rita
692 2818 847 2888 indecoris,
867 2832 981 2879 mortem
998 2822 1093 2895 ingere
1109 2832 1218 2898 turpem

818 2901 891 2958 haud
903 2904 1039 2959 eonvenit.

453 3052 551 3109 Eidem
585 3055 704 3113 lortasse
727 3056 950 3116 adscribendum
979 3072 1063 3137 putat
1090 3080 1220 3133 versum,

453 3154 605 3220 postquam
618 3146 755 3202 Hercules
770 3167 835 3203 erim
856 3148 999 3206 liberarit:

770 3300 880 3356 Veritus
895 3317 955 3357 som
969 3302 1088 3358 arbitros

524 3383 608 3446 atque
621 3377 723 3432 utinam
737 3381 838 3450 possim
854 3391 955 3438 memet
966 3383 1128 3438 obliviscier.

450 3526 503 3584 coi
522 3529 680 3586 Hercules:

522 3679 665 3734 Beneficiis
681 3678 876 3737 hostimentum
891 3680 1018 3753 peperisti
1032 3698 1124 3754 grave.

448 3824 562 3902 Scripta
575 3838 617 3882 est
630 3824 728 3882 saliri-la
743 3839 809 3883 ante
822 3825 942 3904 Olymp.
960 3830 1123 3896 LXXXIX,
1138 3847 1163 3885 a.

776 4039 883 4056 -οι-

538 4205 725 4266 statuas
744 4204 943 4264 secundus
968 4205 1016 4263 ET
1038 4205 1114 4264 tuo.

485 4389 659 4464 interpretes
688 4386 874 4444 consentiunt
901 4385 1026 4444 secunda
1058 4389 1211 4466 tragedia,

443 4495 529 4552 (piram
550 4476 720 4535 Athamanta
742 4475 901 4551 Sophocles
921 4476 1109 4552 inscripserit,
1133 4477 1208 4537 idern

443 4585 506 4624 esse
523 4577 723 4643 argumentum
743 4565 935 4642 explicatum,
956 4566 1034 4642 quod
1054 4567 1129 4624 inter
1151 4569 1207 4626 lra-

442 4667 557 4731 gmenta
568 4653 694 4728 AEschyli
710 4652 896 4728 exposuimus
910 4666 939 4708 et
952 4653 1150 4728 Apollodorus
1163 4677 1207 4714 re-

443 4741 498 4800 lert
512 4748 536 4814 1,
553 4764 582 4818 9,
595 4761 624 4812 a,
643 4738 910 4818 clementissimeque
927 4741 1051 4800 Ovidius
1063 4743 1091 4800 in
1110 4750 1202 4801 hleta-

442 4831 639 4910 morphoseou
664 4829 739 4887 libro
761 4842 876 4906 quarto.
905 4833 940 4886 Et
965 4842 1009 4886 est
1033 4850 1106 4889 untes
1125 4832 1205 4890 inter·

441 4920 599 4997 fragmenta
610 4937 711 4976 versus
723 4937 760 4976 ex
778 4918 832 4975 hac
850 4917 957 4975 diserte
977 4918 1082 4976 citatus
1100 4935 1202 4996 tragos·-

415 5000 504 5082 dia,
527 5028 586 5085 qrro
610 5007 746 5065 Athamas
774 5007 875 5084 procul
905 5005 996 5063 dubio
1030 5021 1206 5066 memoratur

441 5115 534 5154 risere
551 5095 708 5179 liberisque
725 5094 862 5172 privatus.
877 5094 909 5153 ld
920 5113 990 5152 vero
1000 5113 1063 5152 esse
1080 5115 1137 5153 non
1154 5117 1205 5175 po

443 5184 497 5242 tuit
515 5182 568 5240 nisi
582 5183 731 5262 repudiata
748 5184 845 5261 priore
858 5202 947 5240 errore
966 5183 1095 5262 Nephele
1108 5197 1139 5244 et
1150 5205 1202 5241 ex·

440 5272 523 5349 pulsa
539 5270 628 5329 altera
639 5276 737 5330 lnone.

479 5363 623 5418 Incertum
644 5372 688 5417 est
701 5359 850 5437 quomodo
866 5358 1021 5435 Sophocles
1037 5359 1201 5435 tragediam

440 5447 615 5524 disposuerit
628 5459 656 5504 et
670 5447 834 5505 instituerit.
850 5450 981 5503 Fortasse
998 5445 1055 5503 huc
1074 5449 1202 5505 releren-

439 5534 507 5593 dnm
522 5549 564 5593 est
578 5535 655 5613 quod
669 5536 709 5594 ait
730 5534 882 5600 Horatios,
894 5535 944 5609 qui
960 5534 1058 5591 trionis
1074 5534 1198 5593 llebilem

1275 2517 1401 2594 AEschyli
1432 2520 1468 2577 sit
1498 2520 1674 2583 documento
1711 2531 1840 2608 AEschyli
1871 2536 2016 2613 tragediam

1274 2604 1401 2685 ignotam
1415 2632 1474 2669 non
1488 2610 1584 2671 luisse.

1313 2698 1436 2756 Difficile
1447 2720 1518 2757 vero
1532 2714 1575 2758 est
1590 2702 1718 2761 invenire
1734 2722 1940 2783 argumentum,
1953 2712 2016 2789 quod

1274 2804 1362 2863 quum
1373 2786 1491 2864 dignum
1506 2788 1542 2845 sit
1550 2790 1657 2865 tragica
1669 2790 1856 2867 sublimitate,
1871 2810 1927 2855 tnm
1939 2800 1969 2857 iis
1979 2820 2016 2855 re-

1274 2872 1328 2931 bus
1345 2894 1403 2931 non
1423 2887 1532 2949 careat,
1550 2896 1613 2953 qnae
1629 2880 1771 2957 tragoetliae
1788 2884 1846 2941 sint
1861 2890 2015 2943 necessaria.

1273 2962 1423 3039 Tragoedia
1437 2978 1534 3021 autem
1549 2964 1631 3023 valde
1645 2965 1760 3026 diversa
1775 2971 1863 3030 luisse
1875 2974 1978 3032 ridetur
1987 2974 2016 3031 ah

1272 3055 1400 3131 AEschyli
1421 3054 1604 3117 Athamante.
1629 3063 1661 3115 ln
1688 3060 1741 3118 hac
1762 3084 1809 3120 res
1828 3065 1963 3123 celebrata
1981 3082 2015 3123 est

1273 3161 1337 3219 quae
1352 3144 1520 3220 gravissima
1534 3146 1589 3201 luit
1604 3147 1682 3224 apud
1696 3149 1899 3224 Athenienses;
1920 3156 2015 3232 Sopln

1272 3232 1329 3289 cles
1341 3245 1437 3290 autem
1449 3233 1585 3310 majorem
1597 3249 1686 3294 artem
1702 3241 1831 3298 moribus
1842 3255 1871 3298 et
1883 3241 2015 3300 Athaman

1272 3320 1308 3377 tis
1331 3333 1360 3378 et
1385 3322 1483 3380 lnonis
1502 3323 1699 3383 describendis
1722 3327 1894 3406 impendisse
1909 3331 2014 3388 ridetur.

1271 3415 1310 3466 Ac
1326 3411 1350 3466 si
1369 3429 1469 3468 versus
1488 3411 1550 3478 ille,
1564 3433 1623 3489 ιμιο
1640 3413 1774 3473 Athamas
1798 3418 1901 3476 orbum
1921 3439 1949 3475 se
1966 3439 2014 3475 esse

1271 3498 1415 3573 queritur,
1436 3519 1472 3555 cx
1492 3500 1571 3557 exitu
1595 3503 1737 3577 tragoediae
1755 3508 1895 3583 repetitus
1912 3519 1962 3578 est,
1977 3509 2014 3564 ris

1270 3585 1396 3644 dubitari
1420 3599 1515 3664 potest
1534 3589 1603 3666 quin
1628 3591 1724 3649 lnouis
1745 3593 1823 3651 inter
1841 3599 1906 3652 deos
1930 3595 2014 3652 relata·

1270 3675 1379 3732 mentio
1393 3675 1470 3732 niella
1484 3677 1521 3733 sit
1536 3678 1626 3746 facta5
1643 3683 1844 3757 nequeenim,
1863 3684 1884 3741 si
1897 3681 1962 3741 illud
1982 3685 2014 3736 la-

1269 3775 1345 3820 ctum
1356 3775 1439 3830 esset,
1448 3765 1580 3824 Athamas
1591 3767 1618 3824 iu
1631 3767 1707 3826 hunc
1721 3771 1839 3829 modum
1852 3785 2011 3848 quaereretur.

1268 3851 1387 3910 Accedit
1401 3872 1506 3911 nomen
1518 3853 1638 3928 fabulae,
1655 3857 1734 3934 quod
1759 3860 1898 3937 majorem
1917 3871 2011 3938 partin

1268 3941 1411 4017 tragoediae
1424 3943 1454 3999 in
1471 3943 1535 4001 latis
1550 3945 1731 4006 Athamantis
1746 3964 1889 4008 versatam
1901 3969 1956 4006 esse
1966 3949 2011 4004 de

1266 4041 1319 4086 cet.
1338 4033 1439 4106 ltaque
1460 4046 1553 4108 poetae
1568 4035 1719 4093 consilium
1743 4037 1831 4096 luisse
1855 4037 2008 4096 crediderim

1265 4117 1426 4190 ostendere,
1438 4120 1508 4196 quid
1528 4121 1655 4180 loturum
1675 4125 1712 4181 sit
1724 4125 1846 4200 homini,
1857 4127 1906 4204 qni
1918 4126 2011 4201 rejecto

1265 4205 1384 4266 deorum
1412 4209 1521 4266 auxilio
1544 4211 1684 4288 (Nephele
1706 4216 1783 4272 enim
1804 4215 1858 4272 dea
1881 4213 2009 4291 repudiata

1264 4297 1316 4372 est)
1332 4316 1376 4354 res
1395 4297 1532 4356 humanas
1547 4301 1705 4377 pretulerit
1721 4303 1843 4380 (qnippe
1863 4309 1913 4362 lno
1924 4301 2007 4360 udin

1264 4384 1320 4442 lilia
1335 4386 1463 4443 mortalis
1478 4386 1552 4464 luit),
1565 4388 1654 4464 idque
1672 4390 1731 4447 lieri
1751 4409 1809 4448 non
1823 4411 1907 4470 posse
1918 4390 1966 4448 nisi
1977 4394 2007 4444 atr

1263 4472 1371 4530 insania
1384 4473 1455 4530 illud
1468 4488 1661 4551 perpetretur.

1302 4565 1472 4638 Fragmenta
1492 4575 1521 4619 et
1543 4582 1634 4644 pauca
1657 4577 1724 4621 sunt
1743 4577 1771 4622 et
1788 4565 1918 4625 obscura
1931 4569 2007 4636 liest-

1261 4649 1342 4707 chius
1357 4649 1461 4728 l³7·'’l‘¹
1475 4647 1573 4730 ἕρκεσι,
1588 4679 1599 4701 ν
1614 4652 1724 4717 δικτύοις
1745 4655 1813 4734 Eup.
1834 4652 1964 4730 Ἀθάμαντι
1979 4653 2006 4726 β’

1262 4744 1459 4815 Fragmentum
1483 4739 1603 4798 reseram
1632 4741 1668 4798 ad
1693 4742 1779 4814 retia,
1800 4763 1864 4820 quae
1887 4742 2006 4800 Athamas

1260 4827 1345 4886 uxori
1362 4847 1466 4884 venans
1484 4828 1647 4885 tetenderit.
1663 4829 1739 4886 Idem
1755 4827 2004 4908 Hesychiusdttt}

1259 4943 1271 4966 ι
1283 4915 1354 4995 ἑψιά,
1365 4942 1377 4966 ν
1393 4913 1493 4990 ὁμιλία.
1515 4915 1581 4997 Σοφ.
1607 4915 1749 4994 Ἀθάμαντι
1771 4921 1804 4997 β’.
1823 4919 1897 4978 socii
1911 4915 2003 4994 sigtrih

1258 5017 1370 5076 cantur,
1381 5004 1430 5080 qui
1442 5003 1522 5062 illum
1536 5005 1592 5062 sint
1606 5008 1802 5066 concomitati.
1814 5003 2003 5084 Harpocraten

1257 5091 1339 5171 [att]
1349 5121 1361 5142 ι
1369 5090 1489 5160 ἶπιπλον,
1500 5119 1547 5151 υ...
1561 5091 1593 5150 rt
1604 5091 1725 5166 sardi-hv
1734 5095 1820 5152 οἰιιῖαν
1828 5092 1906 5166 σκεύη
1915 5091 2003 5150 letti:

1257 5181 1370 5260 λέγουσι.
1392 5181 1529 5260 Σοφοκλῆς
1544 5179 1696 5256 Ἀθάμαντι,
1718 5183 1742 5240 si
1762 5177 2001 5241 tumimidum

1257 5283 1309 5340 est,
1325 5270 1545 5328 instrumentum
1558 5269 1747 5328 domesticum
1765 5271 1937 5347 intelligitur,
1949 5285 2000 5341 qun

1256 5358 1388 5416 Athamas
1404 5358 1524 5416 fortasse
1541 5377 1595 5435 pro
1615 5355 1760 5416 venabulo
1772 5359 1817 5418 vel
1831 5359 1886 5418 alio
1899 5353 1998 5414 telonii

1257 5446 1620 5590 volueritzchoerobosrus
1643 5447 1762 5506 Beltlreri
1780 5468 1809 5526 p.
1834 5449 1902 5516 aiot
1915 5465 1921 5502 ε
1934 5439 1998 5518 'Ap'-

1253 5535 1309 5603 ναιξ
1325 5578 1350 5592 ..
1365 5574 1372 5590 .
1387 5557 1440 5593 eea
