4567 6425
524 631 696 691 ΠΕΡΣΑΙ.

1347 635 1502 696 PERSE.
1776 655 1813 705 ⁵8

306 768 371 830 Ἐστι
380 765 426 848 γάρ
437 763 546 832 πλοῦτός
558 769 582 842 γ’
595 763 731 844 ἀμεμφής,
744 764 812 846 άμρί
824 765 845 822 δ’
857 767 999 845 ὀφθαλμοῖς
1043 777 1103 824 suut
1116 773 1181 822 euim
1192 773 1282 824 diuitiae
1294 776 1392 838 quidem
1402 778 1551 841 incolumes,
1564 781 1607 830 sed
1618 780 1648 831 de
1659 783 1736 833 oculis
1744 788 1814 840 timot

303 947 366 1022 ὄμμα
377 941 424 1022 γδρ
435 939 522 1018 δόμων
534 939 629 1018 νομίζω
645 937 770 998 δεσπότου
784 852 927 1020 παγδοῖιδῖδιν

1700 875 1736 920 est
1747 886 1754 920 ι

1042 947 1131 998 nutum
1141 950 1208 999 enirn
1218 951 1315 1002 oculum
1327 951 1418 1002 domini
1429 955 1581 1016 presentiam
1592 969 1647 1006 esse
1657 969 1752 1008 censeo.
1767 897 1778 925 t
1791 950 1796 958 ⁸

267 1031 365 1114 ponpis<
382 1028 435 1088 τάδ’
457 1031 492 1095 ὡς
509 1027 589 1094 ούτως
609 1025 722 1106 ἐχόντων
742 1027 836 1100 τῶνδε,
857 1027 999 1104 σύμόουλοι
1044 1036 1148 1086 Proinde
1158 1051 1233 1100 quum
1248 1038 1301 1088 baec
1311 1039 1345 1088 itu
1357 1053 1383 1090 se
1394 1041 1511 1102 babeant,
1521 1041 1553 1092 de
1563 1044 1608 1092 bac
1619 1057 1646 1093 re
1657 1047 1806 1098 consultores

844 1114 921 1194 λόγου

306 1205 368 1266 midi
378 1229 418 1282 μοι
429 1203 544 1282 γένεσθε,
557 1201 674 1284 Πέρσαι,
686 1201 802 1282 γηραλέα
815 1201 983 1281 πιστώματα.
1044 1232 1088 1268 vos
1100 1219 1160 1269 milri
1170 1222 1303 1282 esserum,
1317 1226 1412 1283 Persae,
1424 1223 1465 1272 lidi
1477 1237 1555 1273 senes.

307 1293 387 1354 Πάντα
397 1290 447 1371 γάρ
458 1288 492 1349 τά
504 1290 571 1348 κέδν’
582 1291 609 1348 ἐν
622 1293 684 1368 ύμῖν
696 1288 752 1348 ἐστί
764 1311 808 1366 μοι
821 1289 998 1368 βουλεύματα.
1043 1308 1130 1357 omnia
1140 1308 1205 1359 enim
1216 1308 1299 1358 dextre
1309 1311 1441 1360 oonsiliain
1452 1311 1520 1361 tobis
1531 1312 1589 1361 mibi
1601 1319 1689 1376 prmsm
1699 1321 1762 1364 suut

554 1408 665 1454 ΧΟΡΟΣ.

1367 1426 1497 1469 CHORUS·
1683 1427 1759 1491 [γεμεθ’
1771 1442 1826 1490 qum

305 1481 337 1549 δέ
347 1487 392 1546 αὖθ’
402 1491 455 1547 ἷσθῑ
465 1534 473 1559 s
482 1492 530 1567 γῆς
543 1487 645 1545 ἄνασσα
657 1486 745 1558 αῆσδαι
761 1485 799 1563 μί
812 1508 841 1543 σα
853 1487 889 1554 δὶς
902 1485 1001 1568 φράσαι
1045 1508 1121 1558 Probe
1132 1509 1178 1558 boc
1188 1510 1262 1570 scito,
1272 1510 1352 1572 regina
1361 1511 1432 1572 hujus
1442 1513 1526 1572 terrm,
1536 1525 1583 1561 non
1595 1512 1633 1561 bis
1643 1517 1668 1562 te
1677 1513 1756 1562 dicere
1765 1527 1827 1576 opus

305 1577 355 1655 ,wlf
364 1576 418 1644 ἕσας
429 1558 490 1653 ,αδδ
502 1574 575 1655 έργσα
585 1566 621 1632 ὧν
631 1573 664 1632 ἂν
676 1572 784 1650 &mult
795 1575 917 1650 θγαῖσθαῑ
928 1573 1000 1654 θέλῃ·
1045 1596 1188 1646 anobisdici
1195 1599 1236 1646 aut
1246 1596 1298 1646 deri
1306 1598 1379 1660 retis,
1388 1602 1505 1660 quantum
1513 1599 1613 1648 facultas
1620 1601 1705 1662 preire
1712 1600 1823 1649 voluerit,

267 1688 294 1724 ιπ
307 1665 413 1746 Εὐμενεῖ(
421 1663 474 1745 τδρ
484 1662 559 1728 ὄντας
567 1666 638 1739 ἡμᾶς
647 1663 727 1720 τῶνδε
735 1659 897 1738 ααμὸσῦδααε
905 1663 1000 1728 καλαῖς·
1046 1680 1157 1730 benevoli
1174 1681 1239 1731 enim
1247 1695 1323 1745 quom
1335 1683 1423 1744 simus,
1432 1685 1582 1735 consultores
1593 1687 1678 1738 barum
1689 1679 1823 1736 rerum’nos

548 1780 673 1825 ΑΤΟΣΣᾸ.

306 1863 401 1928 Πολλοῖς
413 1861 463 1938 μὲν
478 1859 519 1918 dri
533 1857 663 1941 νυκτέροις
677 1858 791 1940 ὀνείρασι

306 1949 398 2026 ξύνειμ’,
409 1950 455 2029 ἀφ’
467 1939 548 2030 οθιιερ
560 1948 621 2013 παῖς
633 1945 694 2024 ἐμὸς
707 1945 811 2013 στείλας
824 1947 934 2028 στρατόν

307 2034 396 2096 Ἰαόνων
410 2039 459 2114 γῆν
474 2031 592 2113 οίχεται,
606 2032 703 2115 πέρσαι
716 2033 805 2091 θέλων·

310 2124 356 2182 ἀλλ’
369 2123 419 2181 οθτι
435 2146 478 2180 ποι
490 2121 584 2180 τοιόνδ’
599 2119 703 2202 ἐναργές
719 2119 825 2197 εἰδόμην

272 2233 299 2270 uo
310 2216 338 2277 ὡς
348 2216 387 2282 τῆς
399 2211 521 2291 πάροιθεν
536 2207 673 2290 εὐρρόνης,
687 2207 753 2276 λέξοι
768 2206 795 2266 δέ
809 2229 858 2266 σοι·

309 2299 412 2372 ἐδοξάτην
426 2323 472 2376 μοι
487 2297 532 2356 δύο
546 2297 647 2374 γυναῖκ’
661 2295 790 2373 εὐείμονε,

308 2384 374 2462 ήμέν
385 2386 506 2444 πέπλοισι
522 2387 659 2466 Περσικοῖς
673 2382 826 2461 ἠσκημένη,

309 2475 354 2543 ἧδ’
366 2465 421 2532 οὐτε
436 2475 601 2554 Δωρικοῖσιν,
616 2475 652 2539 είς
665 2471 724 2552 όψιν
738 2472 837 2548 μολεῖν,

310 2560 395 2639 μεγέθει
406 2585 435 2620 τι
449 2564 501 2620 τῶν
515 2565 559 2618 νῦν
574 2558 772 2639 ἐκπρεπιστάτα
787 2558 868 2631 πολὺ,

272 2669 300 2706 rso
310 2651 385 2707 abbr
397 2651 419 2708 τ’
434 2648 554 2726 άμόιμω,
570 2647 616 2706 καί
630 2646 776 2725 κασιγνήτα
789 2645 876 2723 γένους

310 2740 397 2796 retro·
410 2738 514 2817 πάτραν
530 2737 554 2794 δ’
568 2735 653 2794 ἔναιον
666 2739 683 2807 ἡ
699 2733 746 2812 μέν
761 2735 879 2794 Ἑλλάδα

310 2825 385 2906 κλήρῳ
396 2828 514 2904 λαχοῦσα
528 2825 617 2902 γαῖαν,
632 2828 649 2894 ἡ
664 2821 691 2881 δέ
707 2821 849 2904 βάρόαρον.

310 2913 390 2971 Τούτου
402 2913 492 2972 στάσιν
505 2913 570 2984 τιν’,
584 2916 618 2978 tr<
633 2910 684 2990 ἐγὼ
702 2909 801 2970 ’δόκουν
816 2914 888 2993 δρᾶν,

310 2999 396 3080 τεύχειν
409 3003 435 3058 ἐν
450 3001 599 3072 ἀλλήλαισι,
616 3001 685 3067 Παῖς
699 2999 720 3057 δ’
736 2999 796 3076 έμδς
811 2999 900 3077 μαθὼν

273 3107 301 3143 rso
311 3091 401 3168 κατεῖχε
414 3087 572 3169 κάπράύνεν,
587 3085 703 3169 ἅρμασιν
716 3087 737 3145 δ’
753 3085 803 3146 bno

312 3173 426 3253 ζεύγνυσιν
441 3173 512 3235 αὐτύι
526 3175 571 3234 καί
585 3175 691 3234 λέπαδν’
705 3175 746 3235 ἐπ’
760 3172 877 3255 αὐχένων

313 3264 393 3335 τίθησι,
407 3268 451 3337 xri
465 3264 511 3338 μὲν
525 3266 583 3343 τῇδ’
599 3266 741 3342 ἐπυργοῦτο
755 3265 834 3342 στολῇ

312 3353 435 3423 ἐνήνίαιτέ
449 3353 471 3411 τ’
485 3344 555 3433 εῖχεν
569 3350 693 3431 εὔαρκτον
707 3351 806 3429 στόμα,

312 3443 327 3509 ἡ
340 3440 359 3497 δ’
373 3442 511 3521 έσράδαζι,
525 3440 571 3499 καί
585 3444 673 3519 χεροῖν
687 3438 746 3511 lus-n
763 3441 852 3519 δίρρου

275 3544 303 3582 us
314 3528 504 3609 διασπαράσσει,
518 3527 563 3586 καὶ
579 3526 733 3607 ξυναρπάζει
750 3526 794 3607 βίᾳ

313 3702 391 3761 πίπτει
403 3704 424 3762 δ’
441 3703 502 3783 ἔμὀς
515 3704 590 3774 παῖς,
605 3700 649 3759 καί
664 3700 752 3782 πατήρ
766 3701 924 3780 παρίσταται

313 3796 408 3869 θαριῖος
420 3791 553 3872 οἰκτείρων
569 3789 626 3870 σρέ·
642 3789 687 3847 τὀν
700 3789 721 3847 δ’
736 3788 805 3855 ὅπως
819 3793 867 3869 ὁρᾷ

314 3878 416 3957 Ξέρξης,
428 3880 544 3946 πέπλους
559 3878 681 3959 ῥήγνυσιν
694 3878 762 3958 άμρί
776 3876 888 3954 σώματι.

273 3966 457 4026 substentes
472 3966 518 4045 μέν
533 3966 564 4037 δὴ
582 3964 672 4031 νυκτδς
687 3966 789 4023 εἰσιδεῖν
804 3963 884 4041 λέγω.

314 4051 382 4113 Ἐπεί
394 4054 415 4112 δ’
429 4052 539 4126 άνίσην
554 4052 600 4111 καί
612 4052 700 4132 χεροῖν
714 4050 868 4133 καλλιρρόου

316 4136 405 4218 ibrum
419 4145 518 4219 πηγῆς,
532 4139 580 4199 σύν
595 4136 717 4219 θυηπόλῳ
730 4139 789 4219 χερί

316 4228 389 4307 βωμῷ
400 4226 557 4308 προσέστην,
571 4225 741 4307 ἀποτρόποισι
756 4224 861 4303 δαίμοσι

315 4312 414 4373 θέλουσα
428 4320 504 4374 θὐσαι
518 4314 639 4386 πέλανον,
653 4304 689 4371 do
703 4312 765 4383 τέλη
780 4314 850 4371 τάδε·

274 4418 304 4455 αὐ
315 4404 361 4477 θρῖα
373 4400 399 4461 δέ
413 4402 530 4480 φεύγοντ’
544 4402 628 4463 αίετδν
642 4402 705 4481 πρὸς
719 4400 835 4480 ἐσχάραν

318 4488 417 4547 boitro·
432 4490 503 4572 ρόόιρ
517 4490 540 4547 δ’
555 4490 681 4570 ἄρθογγος
696 4488 814 4559 ἐστάθην,
830 4486 906 4566 φίλοι·

318 4575 463 4657 μεθύστερον
478 4576 505 4637 δέ
519 4578 608 4658 κίρκον
624 4578 715 4655 εἰσορῶ
728 4574 817 4656 δρόμῳ

318 4666 411 4741 πτεροῖς
424 4665 612 4746 ἐφορμαίνοντα
626 4662 671 4723 καί
685 4665 779 4742 χηλαῖς
793 4663 860 4743 κάρα

315 4750 429 4813 :rw-ord·
445 4754 493 4811 ὁδ’
507 4750 581 4817 οὐδέν
595 4751 659 4811 άλλο
672 4753 695 4829 γ’
710 4748 727 4819 ή
742 4748 840 4821 πτήξας
854 4748 936 4825 δέμας

274 4857 306 4892 eru
317 4848 432 4919 παρεῖχε.
447 4842 527 4900 Ταῦτ’
543 4840 633 4919 έμοιγε
647 4838 748 4913 δείματ’
764 4836 815 4895 ἐστ’
832 4840 902 4907 ἰδεῖν,

317 4928 374 5001 ύμῖν
385 4928 408 4985 δ’
423 4927 532 4989 άκούειν.
548 4920 589 4989 Εὐ
602 4926 653 5007 γάρ
666 4926 735 4997 ίστε,
749 4927 810 4992 παῖς
823 4926 884 5003 ἐμὸς

317 5012 412 5093 πράξας
426 5016 472 5091 μίν
486 5007 514 5074 εὐ
528 5014 677 5091 θαυμαστὸς
691 5012 723 5070 διν
737 5012 829 5091 γένοιτ’
845 5012 919 5091 ἀνὴρ,

318 5106 401 5169 κακῶς
414 5102 442 5160 δὲ
455 5103 552 5183 πράξας
566 5106 617 5181 οὐχ
630 5100 769 5166 ύπεύθυνος
782 5099 864 5158 πολει·

319 5188 405 5255 συθείς
419 5190 442 5247 δ’
456 5190 548 5265 ὁμοίως
557 5190 642 5259 -τῆσδε
656 5188 769 5267 κοιρανεῖ
782 5187 880 5265 χθονός.

586 5308 694 5353 ΧΟΡΟΣ.

1376 1790 1492 1832 nrosss.
1737 1775 1828 1836 [σασα

1047 1879 1167 1929 tumultis
1178 1879 1275 1942 quidem
1287 1894 1381 1944 semper
1392 1883 1516 1932 nocturnis
1527 1885 1627 1933 somniis

1047 1967 1136 2016 versari
1148 1965 1227 2027 soleo,
1239 1981 1269 2017 ex
1281 1981 1330 2030 quo
1342 1968 1405 2018 lilius
1416 1982 1485 2019 meus
1496 1969 1600 2020 obducto
1611 1973 1717 2022 exercitu

1048 2055 1072 2104 ln
1081 2057 1167 2105 louum
1176 2057 1278 2115 terram,
1287 2057 1451 2119 expugnandas
1460 2057 1512 2119 eius
1520 2057 1635 2120 cupidus,
1645 2060 1766 2123 proiectus
1774 2069 1812 2111 est
1822 2079 1828 2113 :

1045 2146 1073 2190 ut
1082 2143 1190 2192 nondum
1200 2143 1248 2193 ullo
1259 2143 1330 2193 modu
1339 2149 1389 2194 tam
1399 2146 1548 2195 luculentum
1559 2147 1639 2195 uisum
1654 2148 1711 2196 mibi
1721 2149 1828 2210 obstitit,

1048 2244 1120 2293 quam
1132 2231 1241 2295 proxima
1253 2235 1336 2295 nocte;
1347 2231 1419 2296 idque
1431 2233 1473 2281 tibi
1485 2234 1593 2283 narrabo.

1050 2319 1116 2368 Visos
1126 2319 1186 2368 mibi
1198 2323 1255 2369 sunt
1266 2319 1321 2370 dure
1333 2320 1445 2370 mulieres
1455 2322 1548 2383 egregie
1560 2322 1653 2373 resuta

1050 2407 1124 2455 altera
1134 2406 1232 2469 quidem
1243 2407 1351 2457 vestibus
1362 2408 1464 2458 Persicis
1475 2408 1570 2469 indute,

1050 2494 1124 2543 altera
1133 2506 1190 2544 vero
1201 2494 1308 2554 boricio,
1320 2495 1345 2544 in
1356 2500 1513 2558 conspectum
1524 2496 1619 2556 venire,
1720 2497 1831 2562 [stiores.

1050 2581 1192 2644 proceritate
1203 2581 1308 2644 corporis
1317 2580 1439 2647 omnibus,
1449 2595 1505 2645 qum
1516 2595 1580 2632 nunc
1595 2588 1665 2646 sunt,
1677 2583 1745 2646 longe
1756 2599 1829 2647 augu-

1052 2682 1095 2717 ncc
1105 2681 1132 2718 ca
1143 2669 1234 2728 torma,
1246 2682 1318 2731 qoam
1330 2669 1503 2732 reprehendas,
1515 2674 1540 2720 et
1548 2683 1642 2720 sorores
1652 2671 1731 2721 ambos
1741 2673 1833 2735 generis

1053 2756 1136 2815 unlus;
1150 2756 1249 2818 patriam
1261 2769 1317 2806 sero
1329 2755 1463 2805 incolebant
1473 2755 1547 2805 utera
1558 2759 1668 2806 Grmeam

1053 2845 1138 2895 sortita
1149 2850 1253 2906 terram,
1264 2847 1339 2896 altera
1350 2847 1483 2896 barbaram.

1054 2935 1098 2983 lire
1108 2933 1207 2984 dissidia
1218 2935 1280 2984 iuter
1290 2947 1331 2995 se,
1343 2941 1371 2991 ut
1381 2936 1463 2986 ridere
1474 2937 1534 2985 milri
1547 2936 1655 2997 videbar,

1053 3021 1208 3081 exercebant5
1220 3023 1282 3071 lilius
1294 3036 1351 3073 vero
1363 3037 1433 3073 meus
1444 3037 1519 3086 quum
1530 3026 1697 3088 comperisset,

1053 3121 1095 3158 eas
1105 3109 1232 3159 cohibebat
1242 3114 1267 3159 et
1278 3110 1399 3173 placabat,
1410 3112 1539 3174 curruique

1054 3195 1137 3246 ambas
1148 3196 1226 3259 iungit
1237 3201 1262 3247 et
1273 3197 1407 3249 cervicibus
1418 3191 1468 3249 ta‘rr

1055 3285 1163 3348 imponit
1170 3289 1202 3335 Et
1208 3286 1385 3348 ulteraquldem
1392 3287 1438 3336 boe
1443 3293 1528 3337 ornatu
1536 3288 1638 3351 superbe
1644 3301 1698 3339 sese
1704 3288 1833 3339 extollebat

1055 3372 1547 3438 etinbabeuisosmorigerumbsbebat;
1691 3378 1836 3441 [strumenta

1055 3458 1128 3508 altera
1135 3473 1192 3509 vero
1198 3459 1375 3521 indignabunda
1384 3474 1411 3509 se
1417 3461 1536 3523 jactabat,
1544 3462 1702 3523 manibusque
1708 3475 1792 3510 currus
1801 3462 1834 3509 in·

1056 3546 1146 3597 divellit
1156 3553 1181 3597 et
1191 3560 1286 3596 summa
1298 3548 1321 3596 ri
1333 3561 1360 3597 ea
1372 3561 1454 3599 secum
1466 3548 1583 3598 abstrahit

1056 3633 1107 3685 siue
1118 3634 1219 3683 habenis
1229 3634 1382 3697 mediumque
1391 3636 1476 3698 jugum
1489 3636 1582 3696 trangit.

1057 3720 1151 3771 Excidit
1161 3727 1241 3770 autem
1253 3722 1317 3771 lilius
1328 3735 1409 3782 meus,
1421 3728 1445 3771 et
1456 3727 1523 3785 pater
1533 3723 1609 3771 astitit

1058 3808 1144 3857 Darius
1154 3822 1210 3858 eum
1221 3808 1344 3860 miserans.
1359 3812 1430 3859 llunc
1441 3815 1469 3859 ut
1479 3810 1545 3859 ridet

1058 3898 1165 3958 xerxes,
1176 3901 1256 3946 vestes
1268 3897 1331 3946 circa
1345 3910 1433 3960 corpus
1446 3897 1567 3947 ddscerat.

1059 3986 1088 4033 Et
1098 3983 1151 4033 berc
1161 3984 1259 4046 quidem
1269 3988 1342 4033 noctu
1354 3998 1393 4034 me
1404 3982 1493 4034 vidisse
1503 3984 1604 4033 offirmo.

1060 4073 1190 4135 Postquam
1201 4084 1259 4121 vero
1269 4071 1300 4122 de
1310 4071 1375 4121 lecto
1386 4072 1478 4121 surrexi
1488 4076 1513 4121 et
1523 4071 1601 4133 palma
1612 4069 1780 4133 pulclrritluum
1887 4112 1894 4133 ,

1061 4159 1150 4207 lontem
1159 4160 1239 4220 attigi,
1251 4173 1307 4209 eum
1319 4159 1425 4209 sacrifica
1436 4172 1508 4207 manu

1060 4237 1089 4286 sd
1101 4251 1166 4286 erum
1177 4239 1279 4299 arcessi,
1290 4239 1427 4288 averruncis
1438 4237 1498 4297 diis,

1061 4324 1091 4373 ad
1103 4338 1164 4386 quos
1176 4324 1227 4373 broc
1239 4338 1305 4374 sacra
1316 4326 1449 4387 pertinent,
1462 4323 1536 4373 libum
1547 4322 1670 4382 oblatura;

1062 4412 1132 4461 uideo
1145 4415 1225 4462 autem
1237 4414 1365 4474 lugientem
1376 4413 1480 4476 aquilam
1491 4411 1523 4460 ad
1533 4424 1599 4461 aram

1064 4499 1176 4561 Apollinis
1189 4500 1228 4562 (et
1238 4504 1304 4549 metu
1314 4500 1438 4561 obmutui,
1450 4499 1547 4561 amici),

1063 4586 1150 4635 deinde
1160 4600 1218 4637 vcro
1229 4586 1364 4649 accipitrem
1376 4587 1498 4650 conspicio
1508 4600 1579 4636 cursu

1063 4673 1170 4722 celeriter
1180 4672 1225 4721 aiis
1236 4673 1365 4722 irruentem
1376 4676 1401 4722 et
1412 4672 1530 4735 unguibus
1539 4676 1611 4734 ceput
1622 4672 1722 4734 oqullrr

1065 4760 1228 4822 vellicantem
1238 4760 1278 4809 illa
1288 4773 1343 4809 vero
1353 4760 1411 4809 nibil
1420 4758 1484 4809 aliud
1496 4762 1557 4822 epil,
1569 4757 1616 4807 nisi
1627 4758 1750 4820 perterrita
1758 4769 1844 4820 corpur

1066 4848 1172 4912 accipitri
1184 4848 1293 4910 prebuit.
1306 4851 1364 4898 time
1376 4848 1435 4897 mibi
1446 4846 1543 4910 quidem
1553 4844 1722 4896 ordinarunt
1733 4849 1844 4907 aspectu,

1067 4936 1136 4985 vobis
1147 4938 1229 4984 antem
1240 4935 1332 4985 auditu.
1347 4938 1410 4985 Bene
1421 4936 1485 4984 enim
1494 4931 1659 4992 scitote,lrlius
1670 4945 1739 4981 meus

1068 5023 1086 5071 si
1099 5022 1161 5071 borra
1171 5023 1265 5072 fortuna
1276 5036 1335 5072 usus
1346 5027 1397 5083 est,
1408 5020 1554 5071 admirabilis
1565 5020 1601 5067 vir
1612 5018 1707 5068 loturus
1722 5021 1767 5078 sit,

1068 5110 1104 5157 sin
1117 5110 1190 5167 male,
1201 5109 1332 5159 rationibus
1343 5122 1415 5171 regno
1425 5106 1553 5158 reddendis
1563 5119 1611 5154 non
1622 5104 1741 5155 αθιιοκίυε
1751 5105 1810 5164 erit,
1841 5097 1844 5103 ’

1046 5186 1050 5267 ί
1070 5196 1113 5245 sed
1123 5197 1204 5246 salim
1216 5200 1242 5245 in
1252 5198 1372 5258 potrlom
1381 5194 1505 5245 restitutus
1516 5193 1603 5257 pariter
1613 5192 1686 5253 buius
1695 5197 1764 5240 terrm
1773 5192 1845 5254 impe

1398 5301 1526 5342 (monus,
1632 5278 1708 5340 [rium
1719 5277 1844 5333 obtinebit.

277 5412 308 5447 ur
321 5394 359 5451 (ti
369 5418 396 5452 σε
410 5396 585 5473 βουλόμεσθα,
598 5398 687 5473 μῆτερ,
699 5392 752 5451 οὐτ’
765 5394 832 5469 ιῖγαν
844 5392 931 5473 μαθεῖν
943 5393 1026 5473 λόγοις
1072 5404 1188 5453 Nolumus
1198 5408 1234 5464 te,
1247 5408 1330 5463 rnuter,
1341 5403 1420 5453 verbis
1428 5415 1505 5465 neque
1515 5402 1586 5451 nimis
1597 5402 1694 5451 reddere
1707 5399 1852 5465 sollis-tun„
