4567 6425
811 700 1020 764 soefloctts
1040 697 1286 759 FRAGMENTA.

271 836 401 895 παλλουαιι
410 834 489 917 φόρει.
502 842 534 895 V.
546 837 562 893 5
574 838 638 896 cod.
646 836 862 915 vaticinium.)
871 836 1022 896 Difficilius

267 939 307 981 est
329 944 427 983 versus
450 925 528 1003 apud
551 926 717 983 Erotianum
740 945 769 1002 p.
795 929 849 991 3⁰4
870 920 1023 983 ιΙΙαιδυιδν

266 1012 344 1078 πόθος
358 1012 483 1070 ιπαιδίαν
498 1016 543 1070 νῦν
564 1012 611 1083 τὴν
625 1010 810 1092 παιδοτροφίαν
821 1058 830 1084 ,
841 1012 898 1070 dilen
909 1009 955 1069 sal
969 1012 1022 1069 Σο-

267 1102 362 1181 pauli:
374 1101 402 1158 lu
416 1099 501 1180 Πελίᾳ
513 1098 595 1181 φησί·

266 1255 346 1334 1425]
364 1252 477 1318 Λευκὸν
489 1257 583 1327 αὐτὴν
591 1245 637 1319 ὅδ’
647 1242 755 1345 (scrib.
766 1242 837 1346 ὧδ’)
848 1244 1022 1320 ἐπαίδευσεν

919 1362 1022 1459 [γαλα.
1034 1400 1041 1408 *

268 1524 430 1581 Wclckerus
446 1526 476 1581 οὗ
496 1525 580 1583 initio
600 1500 763 1583 addendum
792 1538 871 1583 ratus
891 1524 1023 1583 Medeam

264 1624 312 1669 aut
325 1611 427 1669 fraude
440 1612 552 1670 detecta
564 1626 615 1671 aut
628 1614 764 1672 miraculo
782 1626 923 1672 transacto
934 1613 1023 1671 intel-

263 1700 340 1756 lexit.
355 1704 453 1757 Potest
463 1701 550 1759 etiam
562 1700 799 1760 medicamentum
812 1702 931 1779 intelligi
944 1702 1024 1779 quod

264 1788 330 1847 lacti
344 1788 438 1847 simile
460 1790 531 1847 illud
554 1790 692 1849 effecerit.
716 1796 758 1848 lta
786 1811 843 1848 non
865 1790 1023 1849 absurdum

264 1887 353 1943 esset,
366 1877 391 1934 si
402 1879 476 1935 aries
484 1878 629 1955 juventuti
645 1880 793 1939 restitutus
808 1881 1023 1957 intelligeretur.

265 1961 350 2020 Aliud
362 1962 551 2040 fragmentum
572 1966 650 2045 apud
670 1968 844 2044 Hesychium
862 1968 910 2025 vis
931 1969 1024 2045 expli·

264 2050 322 2107 cari
334 2062 439 2126 potest.
453 2079 465 2103 α
476 2051 651 2127 Ἀϊστόισαςι,
660 2053 768 2134 διαχέας
780 2056 826 2115 καὶ
834 2054 921 2127 τήξας.
936 2058 1025 2135 Σορο-

260 2136 514 2217 xlir‘Pitoso'poe·

264 2288 345 2367 [tto]
450 2284 549 2376 Κόραν
568 2284 721 2363 diuisione
740 2296 810 2379 πῦρ.
926 2333 933 2360 ς

263 2420 336 2479 eod.
350 2418 472 2486 laesione.
486 2426 617 2481 Fortasse
629 2438 708 2482 recte
721 2424 876 2483 scribitur:

449 2522 548 2613 Κόρον
563 2515 594 2587 δ’
608 2524 760 2602 diradare
774 2526 855 2618 πυρί.

264 2666 368 2724 Procul
382 2664 471 2723 dubio
481 2666 592 2744 aliquid
606 2670 778 2745 magicarum
795 2670 901 2728 artium
915 2672 1024 2731 intelli·

263 2755 351 2829 gitur,
364 2753 489 2831 ideoque
495 2756 721 2815 referendumad
731 2758 829 2816 nuncii
846 2759 1023 2832 relationem,

264 2842 314 2917 qui
328 2841 496 2899 fortassean
511 2843 592 2920 ipsa,
607 2864 673 2921 quae
683 2845 801 2905 Peliasa
813 2845 914 2905 Merlea
931 2847 1025 2905 lacere

265 2928 433 3003 pubehatur,
451 2932 596 3007 exposuit.
619 2936 695 2991 Puer
709 2945 804 2991 autem
819 2952 917 2992 cereus
936 2949 1024 2993 estut

264 3019 342 3095 apud
356 3022 457 3077 Horat.
466 3021 551 3080 satir.
563 3026 588 3097 l,
601 3023 629 3094 ll,
645 3022 682 3089 43
693 3035 723 3081 et
736 3032 781 3091 44.
792 3023 835 3082 Cl.
851 3023 939 3083 ovid.
956 3029 1024 3083 Ber.

267 3110 360 3182 l'l,91
375 3120 405 3165 et
414 3112 495 3167 Serv.
510 3110 546 3167 ari
561 3110 638 3187 virg.
654 3111 713 3168 Ecl.
725 3114 804 3181 Vlll,
818 3114 865 3169 do.
912 3136 922 3149 ·

531 3254 729 3297 '‘0000'—

549 3398 740 3473 ALCESTlS.

304 3553 417 3606 Nomen
439 3544 587 3604 Alcestidis
612 3548 756 3624 tragoediae
781 3569 920 3627 nusquam
945 3554 1023 3631 apud

263 3653 376 3696 ueteres
391 3636 548 3713 scriptores
561 3648 752 3709 memoratur,
768 3657 860 3714 neque
876 3653 949 3698 esset
967 3642 1024 3700 nlla

264 3727 341 3783 illius
354 3723 492 3782 memoria
509 3723 563 3780 nisi
581 3723 751 3782 Plutarchus
768 3725 834 3783 haed
850 3726 940 3786 literis
956 3750 1023 3806 pro-

261 3815 382 3872 didisset
393 3813 423 3870 in
435 3810 512 3869 libro
519 3816 563 3870 De
570 3831 645 3869 orac.
655 3812 768 3872 delectu
776 3835 838 3892 cap.
851 3816 896 3887 15,
909 3836 936 3894 p.
950 3827 1024 3890 ηερ,

262 3909 285 3964 Ι·’
296 3927 304 3959 :
321 3901 376 3962 Καί
390 3899 442 3976 μὴν
454 3898 516 3963 ὅσας
529 3898 555 3958 ἔν
567 3922 596 3958 τε
605 3897 694 3976 μύθοις
706 3903 751 3960 καὶ
762 3900 852 3978 ύμνοις
860 3903 967 3982 λέγουσι
978 3905 1023 3964 καί

262 3993 357 4073 ᾅδουσι
367 3994 446 4049 τοῦτο
454 3986 642 4067 μὲνᾶρπαγδς,
655 3994 731 4048 τοῦτο
742 3990 770 4048 δὲ
780 3991 881 4058 πλάνας
892 3996 956 4051 θεῶν
965 3992 1025 4074 κρύ·

262 4088 321 4162 dese
337 4101 367 4138 τι
383 4078 429 4137 καί
440 4076 522 4159 φυγὰς
537 4077 582 4136 καί
600 4077 736 4157 λατρείας,
750 4079 859 4137 uiduis
877 4082 941 4139 elno
957 4083 1024 4140 ἀλλὰ

261 4167 397 4244 δαιμόνων
414 4165 560 4242 παθήματα
581 4165 626 4223 καλ
649 4164 728 4243 τύχαι
749 4167 974 4244 μνημονευόμεναι
991 4171 1023 4228 διΙ

260 4255 361 4336 ἀρετ-ἡν
375 4253 541 4330 καδδύναμιν
556 4256 658 4312 αὐτῶν·
673 4253 719 4312 aul
730 4253 785 4312 οὔτ’
798 4255 926 4334 Αίοχύλος
940 4249 1023 4326 εἶπεν,

325 4378 415 4459 Apol
428 4379 454 4436 τ’
465 4377 583 4438 Ἀπόλλω
599 4377 691 4459 φυγάδ’
704 4377 750 4436 ἀπ’
761 4380 870 4459 ούρανοῦ
884 4381 956 4454 θεόν,

261 4515 351 4574 οἴκει
369 4486 531 4594 ιΣοροιλίοοι
545 4508 691 4588 Ἄδμητος,

326 4652 418 4732 Ούμδς
428 4653 452 4710 δ’
465 4651 585 4733 ἆλτίιτιυρ
597 4651 676 4712 αὐτόν
687 4643 736 4731 ἦγε
746 4653 811 4734 πρὸς
823 4654 916 4730 μύλην.

262 4798 434 4856 wolckerus
458 4795 542 4872 ἁγνῶς
564 4795 704 4853 excidisse
726 4810 790 4873 post
813 4795 868 4856 οὔτ’
896 4799 1027 4877 Αῑορύλος

264 4887 393 4964 conjicit.
402 4891 489 4945 Deest
498 4899 575 4944 certe
582 4884 701 4961 aliquid.
715 4889 814 4962 Neque
822 4905 891 4944 vero
904 4909 1026 4945 conseo-

265 4977 345 5033 tiunt
356 4973 393 5032 de
410 4974 528 5032 nomine
537 4971 682 5050 tragoediae
700 4971 882 5049 interpretes.
895 4975 1027 5032 Reisiius

263 5076 295 5122 et
309 5062 441 5140 plerique
449 5073 516 5138 post
524 5079 591 5120 euru
602 5059 754 5119 Admetum
766 5080 870 5119 nomen
883 5061 1027 5140 tragoediae

256 5149 442 5222 'canosinam
454 5150 624 5210 Welckerus
641 5149 825 5209 Alcestidem.
841 5155 905 5210 Hoc
923 5171 1026 5210 nornen

265 5261 322 5298 nos
335 5259 454 5317 quoque
467 5240 565 5298 verius
577 5237 809 5305 existimavimus.

266 5351 454 5370 σιμ-
461 5351 651 5362 ...n-...—

306 5484 407 5542 Album
420 5483 497 5542 illam
510 5484 582 5542 hune
596 5411 752 5541 ididddnnr
765 5483 807 5541 lae
821 5481 953 5540 educarit.

1116 832 1258 890 Praeterea
1278 829 1331 887 riri
1351 828 1429 887 docti
1450 848 1507 887 nou
1523 828 1723 901 consentiunt,
1738 842 1835 889 utrum

1077 920 1215 997 tragoedia
1230 919 1316 977 suerit
1335 938 1371 976 an
1393 916 1490 975 fabula
1509 918 1640 993 satyrica.
1655 922 1837 979 Herurannus

1076 1028 1112 1065 ex
1133 1028 1190 1065 una
1208 1007 1256 1065 illa
1278 1026 1350 1065 voce
1371 1003 1502 1085 ἅλίιιτυρ,
1521 1006 1656 1083 tragicam
1671 1006 1698 1064 ei
1712 1006 1835 1083 dignita-

1077 1108 1132 1153 tem
1148 1095 1240 1153 inesse
1255 1114 1374 1173 negans,
1388 1094 1527 1152 conclusit
1547 1092 1670 1151 fabulam
1685 1094 1835 1170 satyricam

1077 1184 1172 1241 inisse.
1186 1181 1273 1253 Quod
1289 1202 1342 1241 nos
1360 1182 1445 1241 nimis
1462 1180 1628 1261 ambiguum
1651 1182 1705 1239 rati
1723 1202 1836 1255 snmus,

1077 1272 1233 1349 praesertim
1244 1292 1332 1350 quum
1346 1292 1382 1330 ne
1391 1272 1427 1329 de
1436 1272 1642 1351 significatione
1655 1270 1771 1348 quidem
1783 1292 1837 1329 νο-

1076 1363 1117 1419 cis
1126 1362 1321 1443 satisconstet,
1331 1380 1416 1440 quam
1428 1362 1476 1419 aiii
1484 1360 1838 1437 aliterexplicaverunt.At

1077 1450 1158 1509 valde
1171 1448 1361 1509 dubitandum
1381 1463 1442 1521 est,
1462 1469 1498 1507 an
1523 1448 1676 1527 Euripides
1692 1448 1838 1528 tragoediae

1077 1558 1133 1595 non
1147 1538 1247 1595 fecerit
1259 1551 1470 1615 argumentum,
1484 1536 1563 1615 quod
1578 1536 1736 1613 Sophocles
1755 1551 1838 1595 antea
1922 1548 1928 1559 ’

1078 1628 1173 1688 sabula
1182 1631 1292 1688 ludicra
1310 1630 1449 1702 tractarit,
1459 1648 1553 1707 neque
1569 1648 1614 1686 ros
1629 1629 1690 1705 ipsa
1703 1640 1745 1685 est
1757 1630 1836 1705 ejus-

1077 1717 1166 1789 modi,
1187 1718 1289 1796 inqua
1313 1719 1379 1796 pius
1401 1730 1485 1795 poeta
1509 1730 1565 1775 tam
1581 1717 1791 1775 contumaciter
1808 1731 1838 1775 et

1077 1802 1180 1862 frivole
1193 1805 1342 1864 elaborare
1361 1806 1498 1884 potuerit,
1510 1825 1598 1883 quum
1618 1804 1653 1863 ad
1671 1804 1838 1882 antiquissi-

1078 1909 1153 1949 mam
1168 1893 1333 1970 religionem
1348 1895 1496 1973 pertineat.

1117 1987 1256 2059 mgnum
1270 1996 1364 2042 tamen
1380 1984 1533 2044 discrimen
1555 1984 1630 2042 inter
1644 1984 1796 2062 Sophoclis
1810 1997 1839 2041 et

1076 2070 1223 2147 Euripidis
1245 2072 1402 2131 Alcestides
1426 2072 1619 2131 intercessisse
1646 2072 1779 2145 videtur,
1809 2074 1837 2129 irl

1077 2157 1156 2231 quod
1171 2158 1279 2217 indicat
1292 2160 1503 2237 grammaticus,
1518 2160 1568 2237 qui
1580 2172 1779 2237 argumentum
1789 2160 1839 2218 Al-

1077 2246 1192 2303 cestidis
1206 2248 1370 2325 Euripideae
1384 2248 1500 2325 scripsit
1512 2270 1517 2305 ι
1535 2250 1599 2329 παρ’
1613 2245 1739 2325 οὐδετέρῳ
1755 2255 1839 2307 κεῖται

1076 2323 1561 2404 hpudoratis.Welckernsquidem
1582 2326 1764 2384 scholiastam
1784 2326 1837 2384 lal-

1077 2429 1139 2467 sum
1158 2430 1219 2469 esse
1241 2412 1378 2487 affirmat,
1398 2416 1466 2491 quia
1492 2413 1678 2492 perspicuum
1702 2413 1738 2471 sit
1762 2412 1837 2470 idem

1077 2512 1276 2575 argumentum
1287 2521 1348 2559 esse
1360 2522 1376 2559 a
1388 2502 1532 2581 Sophocle
1545 2513 1705 2560 mactatum.
1718 2508 1757 2559 At
1768 2502 1839 2578 quid

1078 2586 1230 2647 scholiasta
1243 2589 1339 2649 dicere
1351 2590 1476 2649 uoluerit
1490 2602 1520 2648 et
1534 2608 1599 2669 qun
1619 2589 1764 2667 trngoediae
1782 2594 1839 2649 So-

1079 2673 1206 2749 phoclea
1218 2676 1347 2736 conditio
1361 2678 1465 2749 suerit,
1485 2676 1557 2735 adeo
1574 2676 1716 2739 incertum
1730 2689 1792 2748 est,
1807 2690 1840 2735 ut

1077 2764 1108 2819 in
1122 2782 1155 2821 re
1169 2776 1226 2822 tarn
1244 2764 1367 2825 obscura
1384 2766 1466 2824 illurn
1485 2766 1591 2825 erroris
1610 2786 1668 2823 non
1686 2766 1772 2825 liceat
1789 2784 1838 2823 ar-

1077 2868 1174 2930 guere.
1186 2854 1228 2913 Ac
1242 2856 1387 2933 tragoediae
1397 2854 1558 2932 Euripiden
1569 2854 1704 2932 prologus
1720 2872 1838 2932 prorsus

1077 2957 1307 3015 supervacaneus
1320 2938 1407 3001 suiss'e
1426 2942 1577 3015 videatur,
1593 2942 1617 3001 si
1632 2942 1734 2999 eodem
1751 2940 1838 2999 modo

1078 3026 1236 3104 Sophocles
1249 3027 1322 3088 idem
1344 3043 1546 3108 argumentum
1569 3042 1756 3101 tractaverat,
1771 3048 1839 3105 spi·-

1077 3126 1258 3194 ctatoresque
1279 3116 1376 3177 eadem
1396 3118 1445 3177 illa
1466 3138 1503 3177 ex
1527 3117 1679 3197 Sophoclis
1701 3116 1839 3194 tragoedia

1078 3201 1246 3263 didicerant.
1272 3206 1394 3265 Difficile
1413 3219 1456 3265 est
1478 3220 1574 3266 autem
1595 3206 1741 3285 explicare
1767 3205 1836 3281 qnid

1077 3292 1235 3369 Sophocles
1249 3295 1360 3373 proprii
1371 3294 1514 3368 hahuerit,
1526 3295 1576 3373 qui
1588 3295 1706 3354 lormsse
1720 3293 1840 3368 AEschy·

1036 3431 1043 3442 .
1078 3379 1136 3436 lurn
1151 3383 1275 3457 pressius
1288 3396 1401 3441 secutus
1415 3397 1472 3456 est,
1484 3385 1535 3462 qui
1551 3385 1591 3442 ait
1611 3385 1642 3442 in
1657 3388 1739 3442 Eum.
1757 3384 1812 3454 723
1830 3401 1837 3441 :

1157 3522 1266 3580 Τοιαῦτ’
1278 3522 1388 3602 ἔδρασας
1400 3523 1446 3582 καὶ
1463 3522 1583 3603 Φέρητος
1597 3526 1624 3583 ἐν
1639 3523 1728 3600 δόμοις

1157 3608 1258 3688 Μοίρας
1272 3609 1376 3678 ίπειοας
1393 3611 1515 3691 ἀφθίτους
1532 3615 1613 3670 θεῖναι
1627 3609 1743 3692 βροτούς.

1077 3766 1159 3826 ldern
1168 3768 1285 3846 quidem
1296 3783 1340 3827 est
1351 3768 1380 3828 in
1391 3770 1537 3848 Euripidis
1548 3770 1669 3846 prologo
1679 3767 1840 3841 Alcestidis;

1077 3869 1106 3912 at
1128 3857 1302 3915 crediderim
1325 3857 1446 3935 majores
1468 3857 1609 3934 Apollinis
1636 3869 1732 3934 partes
1755 3856 1840 3914 luisse

1079 3944 1156 4021 apud
1171 3945 1343 4022 Sophoclem
1357 3965 1442 4024 quarn
1467 3945 1598 4004 Herculis
1621 3943 1698 4022 apud
1723 3945 1839 4021 Euripi-

1078 4033 1156 4107 dem,
1175 4034 1405 4113 explicatumque
1418 4054 1481 4093 esse
1494 4033 1648 4093 Admetum
1663 4045 1805 4091 servatum
1822 4053 1839 4090 a

1077 4135 1171 4179 morte
1195 4123 1346 4183 Alcestidis
1374 4143 1472 4181 amore
1496 4123 1659 4181 interventu
1685 4120 1836 4198 Apollinis

1079 4211 1143 4266 Huc
1165 4231 1217 4268 nos
1236 4211 1332 4287 plures
1352 4223 1480 4268 veterum
1494 4211 1550 4267 loci
1572 4209 1742 4288 perducunt.
1766 4209 1838 4266 Plut.

1078 4305 1173 4356 Aiunt.
1184 4319 1208 4354 c.
1221 4319 1251 4368 ¹7
1262 4320 1267 4353 :
1281 4299 1312 4356 Et
1322 4295 1350 4356 δι’
1359 4295 1409 4356 πού
1421 4321 1447 4356 τι
1459 4298 1503 4356 καί
1512 4295 1600 4374 μύθων
1609 4295 1674 4375 πρὸς
1684 4294 1772 4354 πίστιν
1778 4293 1840 4372 dpe-

1077 4387 1122 4454 λός
1133 4389 1206 4460 ἐστι,
1220 4389 1295 4458 δηλοῖ
1306 4385 1340 4444 τδι
1349 4387 1408 4468 περὶ
1419 4387 1467 4459 τὴν
1481 4388 1622 4459 Ἄλκηστιν
1640 4386 1685 4445 καί
1705 4385 1839 4468 Πρωτεσί-

1076 4477 1144 4533 λεων
1161 4474 1205 4533 xal
1220 4474 1367 4554 Εὐρυδίκην
1388 4475 1435 4548 τὴν
1453 4475 1581 4558 Ὀρφέως,
1598 4475 1639 4536 ότι
1654 4473 1727 4554 μόνῳ
1747 4477 1839 4532 διῶνὸ

1077 4561 1158 4649 ᾍδης
1169 4559 1269 4644 Ἔρωτι
1281 4572 1350 4620 ποιεῖ
1370 4563 1400 4622 τὸ
1420 4564 1659 4644 προςταττόμενον·
1674 4562 1760 4622 καίτοι
1777 4563 1840 4641 πρὸς

1078 4649 1138 4718 τοὺς
1152 4651 1244 4716 ἄλλους
1259 4649 1308 4732 [ὥς
1320 4674 1385 4732 φησι
1397 4654 1542 4734 Σοφοκλῆς)
1562 4653 1681 4718 ἅπαντας

1158 4808 1230 4870 Οὔτε
1240 4809 1385 4878 velanni<
1395 4810 1453 4871 οὗτε
1466 4810 1515 4884 τὴν
1528 4811 1608 4891 χάριν

1159 4890 1236 4972 οἶδεν,
1254 4901 1336 4980 μόνην
1350 4899 1377 4960 dl
1392 4901 1496 4984 οτίρξαι
1509 4899 1557 4974 τὴν
1570 4901 1662 4968 δειλῶς
1674 4901 1758 4979 δίκην.

1078 5062 1134 5120 Sed
1166 5063 1338 5140 integriores
1363 5063 1448 5122 habet
1473 5083 1571 5122 versus
1595 5063 1727 5122 Clemens
1757 5061 1829 5120 Alex

1078 5157 1184 5210 Stronr.
1205 5156 1243 5224 ll,
1260 5173 1314 5224 ar,
1332 5160 1385 5221 rai,
1402 5174 1409 5208 z
1425 5141 1454 5210 sd
1464 5155 1526 5230 γοῦν
1542 5151 1704 5233 ἡτραγῳδία
1717 5149 1776 5232 περὶ
1795 5155 1839 5208 τοῦ

1077 5238 1157 5325 ᾍδου
1174 5239 1287 5320 reiis·

1154 5489 1272 5544 Puerum
1286 5503 1348 5543 vero
1363 5411 1505 5560 ροειόύόιιι
1521 5489 1582 5561 igne
1593 5487 1739 5560 liquefecit.
