4567 6425
478 715 533 763 298
581 720 585 727 ’

477 834 711 911 redeundumque
726 836 866 909 ltliacani,
881 857 939 913 qno
951 838 1026 894 lacto
1039 839 1151 895 mollem
1167 835 1232 893 nbi-

478 936 538 979 tum
562 923 602 979 illi
625 924 654 979 in
677 924 769 999 patria
791 938 873 981 aetate
897 926 1028 983 conlecto
1051 941 1230 983 eventurum.

478 1016 557 1076 Mors
571 1025 664 1068 autem
679 1012 726 1068 illa
741 1012 848 1069 dicitur
866 1012 955 1079 ἔξαλος
966 1056 973 1078 ,
985 1026 1016 1069 ut
1031 1014 1106 1089 apud
1123 1018 1230 1069 liniue*

478 1118 539 1154 rmn
554 1114 605 1156 est.
616 1106 717 1176 ltaque
729 1102 896 1159 Eustatliius
906 1123 934 1179 p.
952 1104 1033 1172 1676,
1046 1112 1082 1169 4ο
1094 1124 1101 1157 :
1112 1103 1232 1165 θάνατος

477 1183 503 1242 δὲ
518 1184 606 1252 ἔξαλος
619 1190 632 1243 ὅ
644 1189 816 1266 intepretari<
829 1189 873 1247 κοιλ
884 1188 933 1258 ἔξω
949 1191 1109 1261 θαλάσσης...
1123 1186 1190 1253 τινὲς
1205 1186 1231 1245 δὲ

476 1275 603 1351 γράφουσι
623 1280 692 1333 κατὰ
713 1279 856 1355 παράθεσιν
869 1282 895 1337 ἐν
915 1278 973 1337 δυσὶ
992 1277 1231 1358 μέρισινλόγου....

479 1362 573 1421 Ίστέον
584 1362 612 1421 δὲ
625 1366 669 1421 καὶ
681 1365 721 1423 ὅτι
736 1368 787 1424 εἴτε
799 1366 886 1434 ἔξαλος
898 1369 993 1447 γράφει
1006 1390 1044 1432 τις
1057 1367 1110 1423 εἴτι
1121 1365 1148 1433 ἐξ
1160 1364 1231 1436 ἁλὸς,

477 1450 601 1521 λοξότητα
614 1458 736 1533 χρησμοῦ
750 1458 764 1512 ὁ
778 1460 889 1521 τοιοῦτος
898 1456 974 1533 λόγος
992 1454 1129 1534 ’Τειρεσίου
1148 1453 1190 1511 aa
1203 1452 1233 1511 τὸ

477 1538 624 1615 &rapiciani
635 1540 818 1617 δυσιξήγητον.
834 1543 955 1599 Videtur
965 1544 1109 1619 posterior
1115 1554 1232 1599 senten—

479 1626 516 1681 tia
529 1627 623 1701 poetis
633 1672 641 1699 ,
651 1630 699 1705 qui
715 1631 904 1708 Telegoni-am
914 1642 980 1707 post
994 1636 1151 1687 Homerum
1166 1629 1232 1685 scri·

479 1728 607 1788 pserunt,
617 1719 705 1794 iringis
715 1718 855 1794 placuisse
870 1720 991 1794 ideoque
999 1716 1025 1784 ἐξ
1032 1716 1091 1780 ἁλὸς
1099 1716 1231 1792 scripsis-

477 1820 521 1869 se;
530 1822 585 1878 neq
591 1824 624 1859 ue
635 1804 824 1881 improbabile
834 1818 877 1863 est
883 1807 1001 1863 eandem
1012 1807 1116 1863 lamam
1125 1804 1234 1881 Soplro·

477 1889 549 1945 clem
563 1904 691 1950 secutum
707 1913 776 1952 esse.

518 1978 611 2035 iilulta
623 2002 658 2036 ex
669 1980 833 2057 fragmentis
847 1983 908 2059 peti
921 1996 1041 2060 possunt
1052 2002 1125 2057 quae,
1136 2000 1234 2056 quum-

477 2085 562 2140 quam
580 2070 724 2144 tragoediae
737 2073 922 2145 compositio,
937 2090 1066 2148 personae
1081 2072 1233 2146 pleraeque,

476 2154 581 2211 chorus
593 2157 643 2232 (pn
656 2158 750 2226 fuerit,
766 2179 883 2235 prorsus
897 2159 1054 2235 ignoratur,
1068 2159 1234 2215 wolckerus

476 2246 590 2318 egregie
606 2246 635 2300 in
650 2246 781 2303 ordinem
799 2247 906 2323 redegit
922 2247 1124 2322 ingenioseque
1138 2246 1234 2321 expli—

477 2331 563 2386 cavit.
577 2331 674 2389 Ulixes
687 2333 715 2389 in
731 2336 850 2408 patriam
872 2335 957 2391 rediit
970 2335 1036 2390 viva
1060 2333 1154 2390 adhuc
1171 2338 1231 2390 Eu-

480 2416 592 2491 ryclea,
607 2418 741 2477 sedidem
755 2421 833 2490 dies,
849 2442 907 2498 qno
920 2421 1020 2491 rediit,
1040 2422 1095 2497 ipsi
1110 2435 1231 2477 nmrtem

477 2526 594 2582 qnoque
607 2510 712 2568 attulit.
735 2512 778 2570 Cf.
793 2512 877 2571 Phor.
891 2512 962 2571 Cod.
985 2516 1050 2569 230.
1066 2512 1174 2568 Retulit
1196 2512 1231 2567 ad

477 2592 555 2650 lrnnc
573 2587 668 2652 locum
692 2600 860 2657 Welclteros
881 2620 1006 2671 tersus,
1029 2619 1102 2675 quos
1124 2600 1232 2657 Gellius

476 2687 516 2758 11,
528 2685 565 2739 26
582 2687 705 2742 servavit
717 2707 725 2742 :

477 2802 551 2860 Cedo
565 2813 657 2862 tamen
669 2806 767 2879 pedem
787 2808 891 2881 [mihi1,
907 2808 1025 2881 lymphis
1041 2808 1117 2864 liaris
1132 2809 1231 2863 ilatum

861 2897 891 2943 ut
906 2889 1044 2959 pulverem

477 2961 605 3017 manibus
617 2962 702 3020 isdem
710 2966 887 3036 quibusUlixi
893 2982 965 3039 saepe
972 2966 1099 3036 periuulsi
1106 2965 1231 3033 abluam,

476 3039 716 3116 lassitudinemque
730 3047 852 3102 niinuam
869 3063 998 3103 manuum
1014 3047 1196 3103 mollitudine.

477 3182 545 3252 Oua
566 3184 589 3240 si
606 3186 773 3244 Welckerus
802 3201 878 3246 recte
903 3188 1064 3258 divinavit,
1087 3189 1230 3264 egregium

477 3283 568 3348 poete
581 3273 609 3329 in
626 3274 678 3331 liae
693 3295 724 3332 re
743 3278 892 3334 artificium
914 3277 1122 3355 deprehendas.
1144 3284 1233 3335 Coru-

476 3379 590 3416 muncm
601 3363 776 3438 aritiqiritatis
789 3364 890 3421 samam
900 3366 1135 3424 secutnsUlixem
1149 3381 1233 3442 praeta

477 3458 612 3522 tanquam
624 3448 752 3524 ignotum
772 3451 801 3508 in
821 3453 940 3527 patriam
962 3452 1056 3509 redire
1070 3453 1155 3524 fecit,
1172 3454 1233 3529 pri-

477 3553 554 3590 muni
568 3547 599 3591 ut
612 3535 739 3607 videret,
761 3557 828 3596 num
846 3552 907 3597 tuto
924 3539 979 3598 sibi
994 3541 1092 3596 liceret
1110 3545 1232 3616 patriam

476 3622 583 3678 intrare
594 3667 601 3692 ,
614 3645 650 3682 an
665 3627 808 3701 pericula,
822 3642 854 3684 ut
876 3640 941 3704 post
952 3629 1069 3703 longum
1089 3628 1168 3684 illum
1183 3648 1231 3683 er-

476 3727 570 3764 rorem
584 3711 659 3775 bello
674 3714 800 3788 Trojano
814 3714 910 3784 linito,
927 3714 982 3772 sibi
997 3716 1144 3772 instarent.
1158 3718 1230 3771 Tum

477 3798 575 3876 proci,
588 3819 660 3874 quos
676 3801 702 3856 vi
715 3800 843 3878 subegit,
859 3802 1026 3874 obstabant;
1044 3821 1122 3858 ntrnc
1143 3801 1231 3857 lrnstis

476 3885 625 3963 adestque
638 3887 798 3963 subigendo
813 3911 870 3946 riou
884 3891 994 3958 minus,
1005 3902 1143 3966 quantum
1163 3889 1232 3944 riri-

476 3973 531 4031 bos
544 3976 665 4050 valeret,
681 3997 768 4053 quam
783 3979 880 4053 procis
895 3978 1060 4035 occidendis
1082 3977 1233 4035 ostendere

477 4063 582 4140 potuit.
615 4065 761 4123 Ultioneui
795 4081 827 4124 ut
853 4067 989 4145 exigeret,
1012 4066 1075 4122 illos
1110 4064 1232 4132 occidit,

477 4171 553 4208 nunc
572 4151 601 4208 in
618 4155 712 4227 patria
730 4154 908 4212 defendenda
933 4155 1022 4212 afilio
1044 4153 1156 4209 occisus
1178 4165 1229 4208 est.

476 4239 645 4314 Reliqurad
666 4240 770 4298 bollum
796 4243 942 4300 reserenda
957 4254 1033 4299 sunt.
1055 4242 1233 4298 Nuuciantnr

476 4329 572 4385 hostes
582 4326 617 4383 ad
632 4329 752 4387 insulam
765 4331 917 4406 appulisse.
930 4331 1029 4389 Ulixes
1048 4349 1117 4386 nram
1131 4329 1159 4385 iu
1173 4342 1231 4384 ter·

477 4434 537 4473 ram
552 4414 712 4484 escendunt,
725 4417 853 4494 inquirit.
867 4417 963 4475 schol.
979 4423 1040 4474 MS.
1054 4420 1138 4472 Hom.
1151 4415 1231 4472 iliad.

477 4508 512 4572 Α,
529 4503 592 4572 135,
602 4507 749 4579 ορ.Κιιοιι.
759 4506 794 4561 ad
807 4510 891 4581 Greg.
905 4511 971 4562 Cor.
986 4525 1013 4581 p.
1026 4513 1063 4577 lp
1077 4523 1084 4562 ε
1101 4501 1154 4560 Καὶ
1166 4505 1229 4562 Σοο.

446 4578 450 4597 ’
476 4591 502 4646 ἐν
519 4587 643 4648 Ὀδυσσεῖ
663 4591 862 4668 ἀκανθοπλῆγι·

479 4735 564 4812 [att]
581 4731 619 4798 Ei
635 4734 687 4822 μέν
705 4759 753 4811 τις
769 4731 818 4799 οὖν
832 4729 947 4818 ἔξεισιν,
964 4734 989 4799 ti
1007 4725 1041 4800 δὲ
1054 4738 1108 4824 pii,
1120 4737 1200 4825 λέγι.

477 4860 568 4931 (Coos.
582 4861 710 4918 Eustntlr.
723 4879 751 4935 p.
766 4863 814 4926 66.
829 4862 887 4936 31.)
909 4867 974 4920 Dux
991 4861 1115 4917 hostium
1128 4861 1232 4920 descri-

476 4945 554 5004 bitur
567 4969 650 5006 versu
664 4953 823 5006 Pacuviano
840 4949 916 5026 aprrd
932 4950 1003 5005 Gell.
1019 4953 1172 5023 xi11‚29:

866 5065 957 5118 AEtate
968 5062 1083 5130 integra,

547 5139 628 5196 leroei
641 5141 765 5211 ingenio,
781 5141 851 5196 facie
863 5156 971 5211 procera
985 5143 1083 5196 virrnn.

1019 703 1227 765 sophoclis
1249 698 1493 767 FRAGMENTA.

1283 840 1382 898 Ulixes
1393 848 1450 899 non
1463 840 1487 897 is
1501 852 1560 913 est,
1573 838 1623 916 qui
1635 838 1822 916 intelligitur,
1846 840 1891 897 coi
1909 852 1965 897 etas
1975 842 2010 898 in-

1285 941 1361 1003 tegra
1374 943 1401 984 et
1408 930 1543 1005 juvenilis
1555 930 1599 984 sit.
1612 932 1644 983 V.
1658 932 1762 984 Donat.
1775 926 1810 982 ad
1825 932 1934 985 Terent.
1943 928 2010 985 lludr.

1285 1021 1306 1081 l,
1323 1038 1345 1087 ι,
1358 1019 1403 1083 45.
1419 1022 1434 1075 J
1439 1030 1567 1087 aventus,
1582 1036 1645 1093 quae
1657 1018 1684 1072 iu
1699 1017 1831 1092 proellum
1846 1017 1975 1087 mittatur,
1986 1018 2011 1073 at

1284 1104 1366 1161 Ulixe
1385 1117 1581 1161 cmrvocntur:

1318 1230 1374 1283 Vos
1385 1226 1448 1282 irino
1460 1226 1603 1283 defensum
1616 1224 1730 1296 patriam
1743 1224 1901 1296 inpugnant
1914 1224 1988 1279 betite

1285 1334 1383 1391 Ulixes
1405 1334 1488 1391 lirano
1506 1346 1548 1391 est
1561 1333 1658 1390 anitiio
1672 1332 1812 1389 adversus
1836 1333 1922 1389 ruinas
1933 1330 2012 1389 adiu--

1285 1442 1361 1478 sar-n.

1285 1545 1408 1613 Spartam
1421 1540 1530 1612 [inquit]
1542 1540 1678 1612 deponere
1690 1541 1792 1606 instat,
1806 1538 1834 1595 id
1855 1540 1877 1595 si
1892 1548 2011 1611 perpetrat

1285 1650 1393 1708 scilicet
1416 1651 1476 1707 (lux
1499 1650 1740 1707 aclrersariorum.
1760 1649 1861 1706 Ulixes
1876 1650 1902 1704 in
1916 1668 2011 1727 pugnaui

1286 1758 1349 1795 euni
1363 1740 1421 1797 suis
1435 1738 1641 1815 proliciscitur;
1653 1736 1703 1794 sed
1717 1757 1775 1793 non
1790 1738 1831 1793 ita
1844 1736 1892 1793 din
1903 1750 1958 1813 post
1968 1756 2014 1791 οιι-

1286 1828 1346 1883 cius
1356 1839 1527 1905 reportatur.
1540 1832 1632 1911 Quem
1645 1827 1738 1882 locum
1755 1825 1846 1882 verba
1859 1826 1983 1882 Ciceronis
1992 1826 2012 1879 iu

1286 1920 1370 1973 Tuse.
1385 1920 1425 1985 11,
1439 1936 1474 1971 aa
1493 1915 1606 1991 egregie
1620 1914 1762 1972 illustrant
1782 1936 1789 1969 :
1809 1938 1821 1963 ι
1838 1917 1900 1970 Non
1915 1912 1982 1967 ruinis
1993 1932 2013 1966 ιιι

1286 2002 1397 2079 Niptris
1414 2004 1463 2060 ille
1485 2002 1710 2082 sapientissimus
1735 2001 1853 2058 Graeciae
1873 2002 1969 2056 saunas
1982 2002 2012 2053 la·

1287 2102 1429 2149 rnentatur
1441 2092 1483 2149 rel
1499 2090 1611 2147 modice
1625 2090 1722 2167 potius
1737 2110 1744 2144 ι

1355 2209 1525 2269 Pedeteutirn
1540 2210 1661 2282 (inquit),
1674 2220 1702 2265 et
1714 2209 1809 2267 sedato
1822 2210 1898 2265 nisu!

1355 2308 1534 2427 qplgpccussu
1545 2292 1658 2365 arripiat
1671 2292 1756 2364 iuajor

1287 2497 1426 2553 Pacuvius
1437 2496 1492 2555 hoc,
1506 2497 1607 2555 tirellus
1624 2516 1708 2571 quum
1724 2498 1896 2574 Sophocles,
1912 2496 1973 2571 apud
1985 2494 2011 2550 il·

1287 2584 1344 2641 luin
1362 2584 1438 2641 enirn
1455 2606 1594 2663 perquam
1613 2586 1747 2643 flebiliter
1764 2586 1863 2643 Ulixis
1876 2585 2011 2641 lamentatur

1286 2670 1315 2729 iu
1331 2672 1460 2743 vulnere3
1476 2684 1570 2729 tamen
1582 2673 1649 2730 ltuic
1663 2674 1764 2730 leviter
1779 2674 1899 2749 genuini
1912 2668 1944 2727 rili
1957 2670 2012 2745 ipsi,

1286 2761 1335 2837 qui
1349 2762 1443 2817 lerunt
1454 2763 1579 2819 saucium
1591 2805 1599 2830 ,
1615 2782 1745 2839 personae
1755 2763 1916 2841 grauitatem
1927 2762 2011 2817 intrim·

1289 2862 1328 2905 tes
1344 2870 1401 2907 non
1414 2847 1547 2907 dubitant
1564 2850 1659 2908 dicere
1676 2873 1682 2907 :

1356 2980 1397 3033 Tu
1412 2993 1529 3049 qunque,
1543 2978 1655 3045 Ulixes,
1669 2995 1834 3051 quamquain
1858 2980 1958 3049 gratim

1357 3058 1494 3112 cernimus
1509 3058 1612 3123 ictum,
1629 3058 1705 3113 nimi'
1722 3075 1799 3129 paene
1812 3062 1899 3115 animo
1909 3076 1934 3113 es

1356 3134 1442 3200 molli,
1456 3136 1501 3207 qni
1513 3144 1659 3193 consuetus
1672 3138 1700 3192 in
1714 3137 1799 3193 aruris

1355 3231 1444 3272 aeeurn
1456 3233 1544 3288 agere.

1286 3329 1425 3406 iutelligit
1439 3343 1524 3407 poeta
1538 3331 1664 3408 prrulens
1680 3332 1788 3389 ferendi
1804 3332 1903 3389 doloris
1912 3351 2007 3388 coarsur-

1288 3416 1421 3473 tudinem
1439 3437 1498 3474 esse
1523 3438 1581 3474 aion
1605 3419 1842 3477 contemnendam
1868 3419 2008 3492 magistrun
2067 3446 2068 3464 ι

1286 3505 1381 3579 Atque
1391 3505 1439 3563 ille
1453 3499 1509 3562 troil
1523 3506 1710 3564 immoderate
1723 3527 1827 3586 magno
1842 3511 1869 3565 in
1879 3508 1978 3564 dolore:

1311 3627 1314 3632 '
1356 3625 1496 3692 Retinere,
1513 3635 1614 3690 tenete,
1629 3628 1757 3697 opprimit
1771 3629 1857 3684 ulcus.

1357 3704 1479 3772 Nudate,
1496 3704 1548 3761 lieu
1564 3722 1607 3762 me
1622 3707 1769 3762 aruerunt!
1784 3707 1920 3764 excrucior.

1287 3830 1392 3906 Incipit
1409 3827 1464 3886 labi
1476 3852 1483 3888 :
1496 3827 1599 3888 deinde
1609 3829 1686 3886 illico
1699 3830 1823 3888 desinit:

1355 3957 1476 4028 operite,
1486 3955 1640 4024 abscedite,
1654 3957 1780 4029 jamjam

1355 4037 1454 4090 mittite
1470 4053 1475 4088 :
1494 4052 1554 4090 riam
1569 4043 1714 4091 attrectatu
1727 4046 1755 4092 et
1769 4051 1866 4108 quassu

1355 4129 1457 4170 sevum
1470 4114 1633 4186 anaplilicati’
1646 4113 1781 4170 dolorem.

1286 4237 1447 4294 i⁷irlesncut
1458 4236 1634 4294 obmutuerit
1645 4258 1702 4294 raon
1718 4239 1830 4296 sedatus
1840 4235 1957 4313 corporis,
1967 4229 2003 4286 scil

1284 4326 1435 4402 castigatus
1446 4325 1532 4382 alumi
1543 4325 1664 4383 doloriu
1679 4329 1745 4384 ttaec
1757 4329 1864 4384 Cicero.
1874 4331 1911 4383 lix
1922 4320 2003 4378 Grecis

1285 4414 1473 4488 fragmentum
1491 4413 1568 4490 apud
1583 4414 1713 4471 Photinm
1729 4435 1755 4492 p.
1769 4425 1833 4484 too,
1849 4415 1864 4470 5
1878 4425 1902 4470 et
1912 4411 2000 4468 Suiduu

1283 4499 1451 4561 Welckerus
1463 4502 1497 4558 nd
1509 4501 1586 4557 huuc
1599 4502 1691 4559 locum
1702 4503 1810 4560 retulit:
1822 4493 2002 4578 llrpmcia...1=i

1284 4589 1327 4648 nri
1340 4594 1385 4648 τοῦ
1398 4590 1518 4668 παρεῖναι
1528 4589 1662 4659 τάσσεται,
1676 4594 1710 4655 ὡς
1728 4593 1755 4648 ἐν
1773 4597 1825 4654 τοῖς
1843 4589 1947 4668 Niarpott
1963 4585 2000 4640 Σο·

1284 4675 1420 4760 οοκλέονς·

1283 4799 1365 4884 [²⁷2]
1627 4803 1691 4873 Τλν
1708 4791 1869 4894 irapouoim

1414 4925 1476 4980 τῶν
1493 4917 1580 5008 ἐγγὺς
1594 4917 1700 4984 ὄντων.

1284 5043 1418 5120 lllajorcm
1436 5042 1539 5101 deinde
1562 5043 1689 5101 dolorem
1705 5045 1783 5120 apud
1805 5038 1957 5120 Snplmclcn
1973 5033 2001 5088 lt·

1284 5130 1385 5188 buloso
1400 5132 1526 5187 crrieiatu
1544 5133 1694 5208 pastinaca
1709 5135 1860 5189 excitatum
1876 5129 2001 5185 allinumt.

497 5247 2000 5278 fflm———d

822 5349 882 5398 att.

580 5461 722 5532 Numquis
733 5461 875 5527 escendat,
891 5479 925 5517 an
938 5479 1001 5526 non,
1014 5461 1067 5518 dic.

1630 5325 1692 5375 272.
1886 5385 1891 5396 ¹

1775 5393 1930 5446 presentiam

1285 5481 1378 5522 eorum
1391 5468 1436 5540 qni
1451 5435 1532 5540 prope
1545 5481 1607 5524 sunt
1622 5469 1665 5539 [ut
1676 5471 1794 5538 videtur,
1805 5455 1996 5542 pmptnnnel·
