4567 6425
849 676 1058 737 soruoctts
1078 676 1325 740 FRAGMENTA.

300 814 355 873 τοῖς
368 802 469 874 Κόλαξί
483 805 527 863 καῖ
544 803 616 884 παρὰ
635 806 762 886 Σοφοκλεῖ
777 804 803 860 ἐν
821 806 859 883 τῷ
878 804 970 861 Οἰκλεῖ
984 802 1060 879 [eod.

299 898 410 977 Ἰοκλεῖ]
421 896 539 973 λέγοντι·

407 1034 490 1113 [tot]
508 1019 593 1095 Δλλόι
608 1030 659 1095 καὶ
673 1037 837 1121 λινορρορῆ

500 1149 613 1211 τνλεῖα.

298 1280 382 1339 Idem
394 1278 496 1337 Pollux
510 1283 580 1348 vlt,
598 1299 672 1351 192:
688 1280 823 1356 Σοφοκλῆς
839 1278 861 1333 δ’
880 1276 929 1357 ἔρη
950 1305 961 1327 ι
979 1277 1063 1355 λινορ-

299 1368 377 1447 ραρίς
399 1364 485 1424 τυλία.
498 1392 511 1415 ιι
536 1365 628 1422 rerba
650 1364 684 1421 ad
708 1366 902 1443 expiationem
929 1367 1061 1423 reseram.

298 1456 460 1515 Oracnlutu
477 1467 530 1523 est,
545 1468 576 1511 nt
593 1468 717 1511 metrum
728 1454 822 1525 docet,
845 1453 919 1530 apnd
936 1454 1061 1529 Etytnol.

298 1551 339 1603 ttt.
350 1565 380 1621 p.
393 1564 461 1611 207,
482 1564 514 1612 ¹7
528 1564 535 1597 τ
550 1541 672 1613 Βουθοίη,
693 1544 767 1605 πόλις
787 1546 833 1612 τῆς
846 1540 994 1620 Ἰλλυρίδος.
1010 1544 1064 1600 Σο-

298 1634 400 1713 sodi<
413 1632 505 1688 Οἰκλεῖ
519 1625 591 1711 [eod.
608 1628 795 1707 Ὀνομακλεῑ]·

298 1766 385 1855 [308]
399 1764 524 1836 Βουθοίη
544 1764 689 1855 Δρίλωνος
703 1766 752 1831 ἐπὶ
765 1776 928 1858 προχοῇσιν
941 1766 1062 1834 ε’νοίοθπ.

298 1892 349 1946 Fst
365 1903 459 1947 tamen
471 1893 612 1949 ineertnm
626 1906 722 1949 utrum
742 1895 890 1949 oraenlnm
911 1895 959 1962 sit,
984 1893 1062 1970 qnod

297 1979 429 2034 evenerit
444 1980 518 2036 Dicli
533 2000 565 2036 ea
580 1980 617 2037 de
634 2000 663 2035 re
676 1982 836 2037 consulenti
850 2002 885 2038 an
898 1983 1064 2040 Aletnaeoni.

299 2066 354 2121 Via
366 2066 551 2134 deserrbitur,
566 2088 622 2142 qna
637 2089 672 2124 ex
695 2070 813 2124 oraculo
838 2071 866 2125 in
883 2089 949 2127 eunt
968 2071 1062 2126 locum

298 2154 458 2225 perveniat,
471 2152 520 2211 nbi
540 2175 556 2209 n
577 2154 665 2223 eaede,
685 2176 770 2231 qnam
790 2158 974 2225 commiserit,
990 2158 1062 2234 piari

298 2238 404 2311 possit.
419 2241 461 2297 nd
478 2232 623 2299 trraenlnm
638 2244 761 2320 pertinet
775 2244 963 2319 fragmentum
985 2246 1061 2321 apud

297 2326 398 2381 Senot.
414 2328 503 2405 Soplt.
519 2330 595 2386 ond.
617 2331 679 2387 Col.
695 2336 770 2403 793:
785 2332 868 2409 [³09]
884 2336 963 2390 Δοκεῖ
976 2331 1027 2410 γὰρ
1049 2336 1063 2390 ὁ

299 2410 438 2470 Ἀπολλων
451 2412 525 2491 παρὰ
546 2416 606 2475 Δίος
627 2416 773 2487 λαμόοίνειν
798 2416 855 2483 τοίς
873 2418 1009 2498 χρησμοὺς
1028 2423 1063 2484 ὡς

298 2500 346 2557 καί
362 2502 390 2557 ἐν
407 2502 500 2560 Οἰκλεῖ
513 2506 521 2557 ί
525 2503 604 2559 rodd.
619 2502 756 2584 Ἰμικλεία)
771 2506 842 2584 φησί.
855 2508 988 2585 Denique
999 2499 1064 2584 Tra·¹

300 2602 452 2663 gmentnm
475 2603 517 2646 est
535 2610 594 2666 quo
617 2592 710 2648 Oicles
731 2596 919 2651 Alcntaeonem
944 2596 1063 2652 dimittit

299 2675 382 2751 apud
399 2678 546 2753 Aristoplt.
562 2681 658 2754 Equit.
669 2680 747 2755 496:

297 2810 386 2887 [310]
405 2796 479 2875 Δλλ’
494 2809 533 2875 ἴθι
549 2812 659 2902 χαίρων
677 2814 727 2879 καὶ
742 2808 893 2905 πράξειας.

405 2929 487 2997 κατὰ
499 2944 566 2999 νοῦν
582 2940 634 3001 τὸν
648 2939 729 3027 ἐμόν.

297 3090 310 3113 ι
322 3063 421 3123 Schol.
432 3065 511 3146 Παρδ
523 3070 552 3125 τὸ
568 3070 723 3149 Σοφόκλειον
739 3074 765 3141 ἐξ
778 3074 913 3141 Οἰκλέους.
927 3078 998 3137 Cod.
1009 3084 1063 3135 Ve-

299 3166 388 3209 netns
423 3154 549 3223 Ἰοκλίους
582 3162 652 3216 vitio
679 3163 808 3222 solemni.
840 3162 940 3222 Ἰολάου
972 3165 1061 3224 ald.»

298 3245 387 3296 Diod.

650 3355 757 3370 -Qn—

604 3461 757 3522 OENEUS.

342 3608 355 3627 ·
369 3585 453 3639 Hane
466 3583 590 3642 fabulam
615 3588 643 3644 in
663 3587 776 3646 duobus
801 3594 936 3666 llesycltii
958 3594 1059 3653 locisa

300 3673 425 3724 Musuro
450 3669 614 3747 depravatis
641 3693 795 3752 agnoscere
833 3680 998 3738 videmur.»
1027 3687 1059 3742 G.

299 3757 431 3826 Dindoq'.
450 3759 571 3817 Videtur
584 3761 689 3833 liubula,
702 3785 765 3838 quae
787 3765 823 3823 de
839 3771 942 3826 OEneo
960 3789 1061 3828 narra-

300 3845 399 3915 batur,
412 3864 563 3922 progressu
577 3853 713 3926 temporis
734 3854 813 3912 valde
830 3856 978 3915 immutata
999 3879 1061 3916 esse

297 3955 313 3988 a
329 3935 435 4009 poetis.
447 3937 533 3993 Hom.
545 3936 624 3997 tttad.
639 3943 676 4014 Ξ,
694 3944 865 4013 115-117:

360 4065 458 4144 Πορθεῖ
468 4065 517 4145 gip
531 4076 599 4145 τρεῖς
608 4072 697 4134 παῖδες
713 4074 842 4150 ἀμύμονες
855 4073 1009 4152 ἰξαγίνοντο,

357 4149 440 4230 ᾤκεον
453 4153 476 4208 δ’
489 4156 515 4210 ἰν
530 4156 668 4236 Πλευρῶνι
682 4159 726 4216 καί
742 4162 845 4240 αἰπεινῇ
861 4165 1001 4223 Καλυδῶνι

356 4238 461 4318 Ἄγριος
469 4240 517 4312 lat
529 4241 631 4315 Μέλας,
642 4245 760 4324 τρίτατος
771 4249 794 4307 δ’
803 4242 835 4322 ἦν
845 4252 945 4312 ἱππότα
956 4254 1058 4320 Οἰνεύς.

294 4385 456 4461 Copiosins
466 4387 618 4465 scholiasta
631 4389 692 4447 haec
708 4393 832 4468 explieat
847 4415 883 4450 ex
894 4396 1059 4472 Pherecyde

295 4493 322 4531 ν,
345 4491 401 4528 tao
412 4491 420 4526 ε
433 4471 532 4536 Τυδεὺς
546 4478 561 4531 ὃ
577 4473 677 4542 Οἰνέως
693 4481 809 4547 Αἰτωλός
826 4479 872 4558 μέν
887 4473 919 4554 ἦν
936 4480 966 4540 τὸ
978 4484 1059 4560 γένος,

294 4558 477 4634 ἀνδρειότατος
500 4559 528 4618 δί
547 4565 599 4618 τῶν
620 4563 679 4621 καθ’
699 4565 776 4623 αὑτὸν
797 4566 933 4646 γενόμενος
951 4569 990 4628 ἔτι
1004 4571 1059 4639 νέος

293 4643 331 4700 ὧν
347 4645 474 4704 ίθεόοατο
483 4645 528 4705 τὸν
540 4649 641 4730 πατέρα
656 4650 706 4708 ult
716 4657 798 4733 γῆρας
817 4655 867 4714 ὑπὸ
882 4659 935 4713 τῶν
956 4657 1057 4740 Ἀγρίου

292 4733 396 4790 παίδων
418 4737 464 4802 τῆς
487 4736 619 4812 βασιλείας
640 4737 841 4816 ἐκὸαλλόμενον·
854 4743 943 4824 διόπερ
957 4749 1058 4824 ἀναιρεῖ

292 4818 354 4884 tori:
367 4842 397 4877 τε
420 4821 537 4901 dre-liobe
553 4826 596 4882 καὶ
614 4825 659 4882 σὺν
686 4829 772 4895 αὐτοῖς
794 4831 921 4897 ἀκουσίως
940 4833 982 4890 τὸν
998 4837 1055 4892 eire-

1818 699 1875 753 807

1115 806 1193 862 αὐτοῦ
1215 807 1256 863 καί
1281 808 1410 885 λαμδοίνει
1433 814 1512 871 αὐτοῦ
1537 812 1665 893 θυγατέρα
1688 814 1827 893 Διιπόλην.
1843 822 1877 879 Ἡ

1115 892 1217 974 ἱστορία
1232 894 1303 972 παρὰ
1318 898 1470 977 Φερεκύδει.
1491 900 1612 959 Diodor.
1628 908 1677 973 tv,
1696 904 1733 961 65
1750 926 1756 961 r
1770 904 1836 964 Καθ’
1850 907 1878 963 ὃν

1117 980 1149 1049 δὴ
1163 980 1255 1061 Ιχρόνον
1267 984 1329 1061 pani
1341 984 1430 1043 Τυδέα
1447 987 1490 1047 τὸν
1508 988 1605 1055 Οἰνέως
1622 992 1647 1047 ἐν
1662 992 1802 1051 Καλυδῶνι
1822 993 1878 1057 τοίς

1116 1069 1234 1151 α’νεθριοθς
1246 1071 1367 1131 ἀνελόντα
1381 1073 1518 1133 Ἀλκάθουν
1533 1076 1577 1134 καί
1594 1076 1726 1137 Λυκωπέα
1746 1078 1835 1161 pontii
1849 1083 1878 1139 bt

1116 1162 1162 1228 τῆς
1180 1160 1309 1223 Αἰτωλίας
1330 1166 1365 1225 εἰς
1392 1162 1493 1243 Ἄργος.
1514 1166 1687 1223 Posteriores
1710 1169 1877 1227 Diomedem

1116 1248 1210 1305 OEnei
1225 1248 1344 1305 ultorem
1364 1251 1480 1321 sarciunt,
1495 1258 1617 1309 Pausan.
1631 1260 1668 1325 ll,
1681 1257 1728 1328 οδ,
1741 1276 1769 1327 a,
1784 1259 1877 1335 Apol-

1118 1336 1175 1395 lod.
1191 1342 1215 1409 1,
1237 1339 1264 1409 8,
1278 1342 1305 1411 li,
1325 1345 1432 1401 Anton.
1448 1342 1511 1400 Lib.
1531 1343 1599 1403 rab.
1614 1349 1767 1418 xxxin,
1787 1350 1876 1407 sebol.

1117 1425 1153 1481 nd
1169 1428 1314 1505 Aristoplt.
1335 1431 1460 1487 Aelnrrn.
1476 1433 1664 1509 417.Epltot·.
1682 1436 1760 1511 apud
1782 1437 1876 1495 Strab.

1120 1533 1148 1589 p.
1175 1536 1243 1589 509,
1267 1523 1301 1587 Δ,
1318 1521 1359 1575 Β;
1376 1514 1490 1597 Ἔφορος
1505 1518 1567 1577 δὀὔ
1589 1543 1652 1601 φησι
1677 1528 1876 1603 συατρατεῢεαι.

1118 1599 1284 1677 Ἀλκμαίωνα
1317 1601 1367 1683 γὰρ
1388 1604 1432 1663 abr
1467 1605 1615 1686 ’Δμριοίρεω
1650 1609 1877 1687 ουστρττειίοεντοι

1116 1688 1184 1761 μετὰ
1204 1690 1348 1765 Διομήδους
1363 1692 1406 1749 καί
1424 1696 1475 1749 τῶν
1491 1694 1576 1751 ἄλλων
1595 1694 1741 1773 Ἐπιγόνων
1763 1700 1808 1755 καί
1828 1723 1877 1759 κα-

1116 1774 1282 1853 τορθώσαντα
1302 1778 1345 1836 τὸν
1367 1780 1430 1857 πρὸς
1450 1781 1583 1851 Θηὸαίους
1603 1783 1718 1857 πολεμον
1744 1787 1877 1844 συνελθεῖν

1117 1864 1243 1939 Διομήδει
1266 1865 1311 1923 καὶ
1333 1868 1533 1947 τιμωρήσασθαι
1555 1868 1614 1934 τοὺς
1635 1872 1734 1937 Οἰνέως
1759 1872 1874 1951 ἐχθρούς.

1117 1952 1235 2009 Brevins
1263 1954 1337 2011 idem
1359 1956 1451 2014 Strab.
1474 1978 1501 2034 p.
1522 1959 1587 2028 δον,
1604 1964 1633 2019 C',
1656 1961 1786 2035 Hyginus
1808 1960 1877 2019 Fnb.

1121 2043 1174 2113 175
1190 2066 1196 2099 :
1210 2046 1314 2120 Agrius
1333 2048 1503 2106 Porthaonis
1516 2050 1591 2107 lilius
1606 2062 1636 2107 ιιι
1653 2050 1725 2107 ridit
1745 2056 1877 2109 OEnenm

1120 2128 1237 2186 fratrem
1263 2132 1367 2191 orbum
1389 2133 1487 2193 liberis
1512 2137 1616 2195 saetnm
1637 2153 1765 2213 egentem
1790 2158 1877 2215 regno

1119 2218 1233 2294 expulit
1256 2232 1342 2294 atque
1371 2222 1432 2299 ipse
1458 2244 1576 2300 regnum
1601 2226 1735 2301 possedit,
1760 2227 1877 2283 Interim

1117 2305 1272 2363 Diomedes
1288 2309 1379 2383 Tydei
1397 2311 1471 2367 lilius
1486 2325 1514 2369 et
1530 2313 1677 2391 Deipltiles
1692 2314 1744 2371 llio
1764 2313 1877 2372 devicte.

1117 2404 1149 2447 nt
1165 2393 1276 2450 audivit
1298 2415 1381 2453 urttm
1397 2418 1479 2456 sunm
1494 2420 1583 2477 regno
1602 2402 1725 2479 pulsnm,
1747 2416 1878 2478 pert-emt

1117 2480 1146 2535 in
1162 2482 1294 2539 AEtoliam
1311 2504 1376 2541 cnm
1390 2486 1528 2543 Sthenelo
1539 2488 1663 2562 Capanei
1676 2489 1735 2545 silio
1748 2501 1776 2545 et
1791 2508 1877 2545 ttrnns

1116 2567 1263 2626 contendit
1275 2590 1338 2627 enm
1352 2578 1454 2650 0popn
1472 2576 1552 2651 Agrii
1565 2575 1633 2633 lilio.
1647 2580 1713 2645 Quo
1725 2576 1877 2634 interiecto

1117 2656 1232 2731 Agrium
1245 2673 1375 2735 egentem
1392 2682 1408 2719 e
1428 2683 1517 2739 regno
1536 2665 1648 2741 expulit
1665 2676 1750 2740 atque
1775 2668 1877 2721 OEneo

1116 2760 1171 2796 ιινιι
1183 2762 1235 2798 sno
1249 2763 1365 2819 regmnn
1381 2749 1512 2818 restitnit,
1529 2762 1652 2825 postque
1671 2751 1774 2825 Agrius
1788 2770 1877 2827 tegno

1116 2828 1252 2904 expulsus
1267 2832 1328 2909 ipse
1343 2853 1373 2889 se
1384 2834 1537 2893 interlecit.
1552 2836 1594 2895 Cl.
1609 2837 1679 2895 Fnlt.
1698 2846 1764 2905 ala.

1155 2918 1312 2993 'l'rugoediae
1332 2922 1499 2997 Sopbottleae
1518 2942 1616 3000 paneae
1648 2944 1733 2981 voees
1757 2937 1877 2981 serratae

1116 3018 1183 3061 sunt
1195 3006 1277 3062 valde
1287 3006 1416 3065 obsenrae
1426 3029 1524 3085 eaeque
1534 3012 1629 3087 petitae
1640 3032 1674 3067 ex
1689 3010 1793 3067 duobis
1807 3012 1877 3068 locis

1117 3091 1253 3166 Hesyeltii
1266 3113 1322 3150 non
1342 3097 1434 3152 tninns
1447 3096 1591 3163 obscuris,
1613 3109 1644 3153 ut
1657 3096 1727 3153 niltil
1750 3098 1820 3154 certi
1841 3095 1877 3153 de

1116 3169 1268 3254 Sophoclis
1283 3180 1378 3240 sabula
1393 3184 1449 3240 dici
1466 3185 1564 3262 possit.
1581 3184 1698 3242 Videtur
1714 3197 1806 3242 tamen
1828 3184 1877 3244 ille

1116 3264 1214 3322 eadem
1232 3269 1289 3324 lere
1301 3273 1468 3346 exposuisse
1480 3293 1544 3350 ‹ptoe
1554 3273 1708 3351 Euripides
1722 3273 1876 3350 trngtedin,

1116 3372 1178 3430 qnee
1191 3359 1309 3414 OEnens
1329 3359 1468 3436 inscripta
1489 3363 1549 3417 lnit.
1570 3367 1618 3419 Est
1636 3375 1729 3428 inueni
1746 3367 1874 3436 Olbiens,

1115 3442 1165 3518 qui
1187 3443 1263 3518 apnd
1280 3449 1434 3504 Homerum
1460 3449 1546 3505 nentis
1569 3451 1692 3518 excellit,
1719 3469 1776 3506 nent
1801 3450 1876 3508 idem

1115 3531 1191 3604 apud
1209 3533 1339 3608 tragicos,
1354 3537 1403 3612 qni
1417 3556 1483 3593 enm
1502 3537 1723 3608 lamentandum,
1744 3537 1876 3608 debilem,

1115 3613 1270 3689 desertum,
1283 3641 1372 3697 regno
1389 3624 1550 3700 expulsum,
1565 3627 1760 3702 auxilinnnpte
1775 3649 1790 3682 n
1812 3627 1875 3684 liliis

1114 3704 1173 3760 suis
1190 3723 1401 3784 exspectantem
1424 3714 1563 3770 lecerunt.
1580 3717 1789 3790 Argntnentntn
1814 3725 1874 3770 tra-

1115 3791 1214 3866 goediae
1239 3798 1447 3856 restitutionem
1470 3801 1498 3857 in
1515 3821 1602 3876 regno
1617 3801 1781 3876 eaedemque
1800 3799 1876 3857 filio-

1115 3902 1178 3940 rutn
1202 3887 1280 3962 Agrii
1302 3891 1478 3948 continuisse
1496 3891 1620 3947 videtur.
1643 3895 1685 3948 Ex
1709 3890 1874 3964 fragmentis

1114 3969 1233 4048 intelligi
1249 3993 1306 4031 non
1319 3989 1423 4052 potest,
1438 3979 1533 4036 utruin
1548 3978 1674 4053 Tydeus,
1687 3991 1717 4034 ut
1730 3977 1875 4052 antiquio-

1114 4077 1160 4114 res
1187 4073 1278 4135 poetae
1310 4065 1448 4130 referunt,
1478 4086 1512 4122 an
1539 4064 1707 4132 Diomedes,
1731 4076 1762 4120 ut
1796 4065 1873 4141 apud

1115 4148 1289 4218 posteriores
1312 4163 1369 4222 est,
1390 4155 1521 4210 OEnetnn
1549 4153 1713 4210 restituerit.
1732 4154 1806 4208 Sunt
1827 4149 1874 4208 illa

1113 4229 1174 4287 baec
1187 4253 1193 4286 :
1207 4235 1331 4310 Hesyrlr.
1346 4237 1391 4312 [st
1402 4239 1428 4316 l]
1441 4267 1452 4288 ο
1464 4239 1575 4302 ἄλυτον.
1589 4267 1600 4292 ι
1619 4241 1791 4312 οῖκατόλυτον,
1812 4241 1875 4296 ἀκα-

1112 4317 1279 4393 τάπαυστον,
1302 4325 1436 4402 Σορεκλῆς
1466 4325 1536 4384 Ἰνεῖ.
1562 4333 1642 4390 Corr.
1666 4329 1748 4386 Οἰνεῖ.
1775 4327 1873 4386 ldetn:

1418 4420 1439 4451 Di
1457 4421 1476 4452 tl

1112 4457 1246 4537 Xepottin.
1265 4463 1402 4541 Σοφοκλῆς
1416 4468 1481 4524 ἰονι·
1496 4494 1508 4516 ιι
1522 4467 1646 4544 Κτίμενος
1665 4465 1713 4542 μέν
1729 4467 1873 4544 βουοτοίδαι

1110 4545 1154 4602 ἐπί
1168 4546 1263 4625 χέρσου
1276 4577 1297 4616 υ,
1311 4549 1328 4620 ἢ
1342 4551 1394 4608 ἀπὸ
1406 4555 1500 4630 χειρῶν
1522 4557 1590 4632 ἔχει,
1602 4553 1619 4622 i,
1632 4555 1712 4618 οὕτως
1724 4553 1873 4632 ίμόατεύει.

1111 4636 1279 4692 Correctutn
1295 4651 1356 4693 est:
1857 4649 1861 4657 ‘

1111 4774 1193 4854 [31ιί
1226 4771 1401 4856 Βουοτάδος
1419 4785 1510 4858 αὐλῆς
1527 4785 1576 4848 ἔπι
1592 4787 1733 4872 χεροειίει.

292 4905 353 4982 θιόν
366 4907 489 4986 (ἀδελφόν
499 4912 555 4985 1).).
568 4910 667 4987 (bordin
680 4911 707 4970 δὲ
719 4917 754 4978 εἰς
768 4914 860 4997 Ἀργος
879 4920 943 4997 πρὸς
964 4916 1055 5001 Ἄδρα-
1108 4926 1289 4988 Probabilins
1310 4932 1438 4992 lacunam
1454 4937 1552 4994 statuit
1563 4938 1728 4996 Dindorlnts
1743 4953 1807 5017 post
1817 4943 1875 5018 βον-

293 5015 356 5049 οτον
368 4995 480 5071 βασιλέα
493 5001 538 5067 τῆς
552 4996 640 5078 χώρας
653 5003 801 5082 καθαρσίων
813 5026 840 5062 τε
852 5008 976 5086 urps-dves
992 5009 1055 5090 πρὸς
1107 5013 1204 5080 οτοίδας
1219 5031 1247 5074 et
1264 5019 1306 5076 ἐπὶ
1321 5021 1415 5100 χέρσου
1431 5023 1530 5080 tribuit
1545 5026 1697 5100 Desyelrio.

298 5111 1868 5164 *ffi—-ffi——n-...m

646 5171 661 5204 ‘t

472 5237 509 5288 Αι
522 5233 604 5289 etiam
616 5173 827 5293 trilll'oonsun

469 5310 592 5366 culcitra.

642 5391 703 5440 308.

347 5444 462 5504 Βιιιίιοκι
476 5447 510 5504 ad
527 5452 648 5509 [tritonis
662 5459 762 5513 ostium
776 5455 989 5518 inhabitabatur.
1077 5515 1083 5530 ,

1459 5195 1520 5242 nto.

1216 5267 1251 5315 Αι
1265 5261 1309 5344 “¹l'l
1324 5264 1415 5346 salvus
1429 5274 1457 5319 et
1471 5268 1556 5348 utaris
1568 5267 1677 5324 fortuna

1214 5345 1246 5384 ex
1262 5347 1344 5386 ammi
1360 5349 1412 5390 nter
1426 5345 1558 5462 setpppua

1181 5471 1212 5524 lu
1226 5471 1287 5527 aula
1301 5473 1381 5529 boum
1396 5475 1423 5529 in
1438 5475 1574 5534 desertum
1590 5479 1768 5600 convertitpp.
